2352 3880
316 59 318 61 .
392 57 397 63 a
431 54 434 59 ¹
482 59 483 64 1
695 52 704 61 Γ
755 51 796 60 ”

86 204 161 247 *2⁴st
496 187 590 224 m.
610 187 667 223 vl.
688 185 884 229 Quouono
903 187 934 221 A
950 186 1233 224 smommus
1252 186 1492 227 somnus
1511 192 1743 234 sunnam,
1764 155 1849 228 111Τὰ

30 255 83 299 ¹,
163 281 166 289 1
217 252 924 313 ‘quodaceepit,etiamsidefaeto
937 264 1154 306 nunquam
1207 253 1522 305 ouhimmortis,
1564 261 1607 298 et
1628 269 1712 299 non
1737 257 1891 301 haheat
1922 259 2187 316 Superiorem
2212 277 2239 308 a

2158 158 2349 250 vais*

18 334 22 342 f
256 318 452 362 revocari
482 315 651 356 donatio
683 325 712 356 a
736 313 956 367 superiore
986 322 1154 368 propter
1205 326 1288 367 quo
1306 315 1432 367 possit
1446 318 1584 367 petere
1597 317 1852 372 facultatem,
1869 326 1978 365 certe
1992 336 2079 366 non
2097 338 2240 380 pecca-

70 379 106 423 ’“”»«
147 382 149 386 ’
187 381 405 424 arentiam.
810 405 812 408 -

23 447 31 454 ²
50 435 60 449 ⁸
71 433 83 483 Ῐ
110 385 232 485 ⁵⁸33.
252 443 443 485 Primum
455 437 728 485 corollarium,
746 436 989 489 quamtis-fit
1003 437 1147 488 confir-

64 543 67 546 .
110 504 282 548 nationi
321 503 372 544 ab
399 499 574 552 exemplo
603 497 827 539 testamnti
861 502 1054 550 quantum
1093 497 1151 540 ad

111 563 678 609 conclama—Testamentum
697 558 844 600 occulte
855 562 1008 606 factum
1026 559 1146 601 etiam

112 629 167 670 ad
174 629 250 680 pia
266 637 384 680 opera
402 620 588 677 quomodo
603 620 660 661 sit
681 623 850 661 autnon
868 622 924 663 sit
938 625 1144 674 peccatum

113 693 251 731 conto-a
266 688 554 740 paupertatem.
582 701 635 713 -
654 681 713 721 Ex
741 693 822 733 quo
843 682 974 722 infero
991 683 1140 734 primo,

112 750 236 790 etiam
258 750 549 788 testamentum
581 744 794 783 conditum
826 744 878 784 ab
906 743 1145 796 hujusmodi

110 811 300 862 religioso
338 809 426 848 sine
449 805 641 860 facultate
675 805 905 856 Superioris
936 818 1020 846 non
1059 817 1144 845 esse

110 873 200 925 ipso
215 873 306 924 J'ure
327 870 508 918 nullum,
539 867 635 907 licet
665 867 717 906 sit
745 867 943 907 irritabile
974 879 998 906 a
1017 868 1146 919 Supe-

111 935 231 975 riore.
266 933 464 974 Probatur
480 932 774 980 consequenter
809 940 859 968 ex
877 928 1146 968 fundamento

113 996 244 1047 posito
266 1008 275 1043 ;
292 995 388 1046 quia
400 991 610 1043 dispositio
630 989 826 1040 religiosi,
844 989 889 1028 in
903 989 966 1028 his
979 1001 1071 1040 quae
1095 1001 1145 1030 ex

111 1061 227 1110 parte
245 1055 426 1095 materiae
451 1064 535 1093 non
560 1052 771 1091 continent
805 1050 1049 1100 injustitiam
1080 1050 1146 1090 vel

113 1118 361 1165 nullitatem,
395 1127 479 1155 non
513 1117 572 1153 est
600 1112 717 1151 irrita
745 1111 833 1164 ipso
860 1111 983 1161 facto,
1015 1123 1067 1151 ex
1097 1124 1147 1152 eo

115 1180 246 1222 solum
290 1176 397 1230 quod
445 1175 493 1215 fit
530 1174 694 1226 propria
734 1172 947 1213 voluntate
967 1203 981 1222 ,
1022 1173 1147 1214 etiam

116 1241 219 1283 alias
236 1237 517 1292 peccaminosa
538 1235 624 1274 sine
651 1234 885 1273 interventu
922 1234 1147 1274 voluntatis

116 1300 354 1354 Superioris,
389 1298 458 1337 sed
474 1300 534 1336 est
558 1300 721 1335 tantum
750 1296 916 1335 infirma
934 1301 975 1336 et
1011 1297 1146 1337 irrita-

114 1363 233 1413 bilis;
253 1373 350 1412 ergo
365 1360 475 1400 idem
495 1359 717 1398 dicendum
734 1363 794 1398 est
813 1359 864 1399 de
882 1359 1146 1411 dispositione

111 1435 185 1477 per
195 1426 499 1462 testamentum.
514 1421 713 1460 Probatur
729 1423 1033 1473 consequentia,
1049 1422 1148 1474 quia

112 1497 163 1525 ex
183 1488 331 1524 natura
347 1483 410 1523 rei
424 1495 509 1522 non
527 1483 752 1534 requiritur
772 1483 972 1523 efficacior
1002 1484 1146 1525 volun-

111 1551 174 1587 tas
192 1547 245 1586 ad
263 1550 555 1586 testamentum
583 1557 710 1596 quam
742 1544 793 1584 ad
827 1545 927 1584 alias
962 1545 1148 1585 donatio-

112 1620 199 1658 nes,
215 1613 254 1648 et
268 1620 315 1647 ex
321 1609 413 1659 jure
435 1607 608 1659 positivo
626 1606 789 1646 nullum
818 1611 877 1646 est
897 1608 1070 1658 speciale
1092 1609 1147 1647 ir-

113 1671 241 1710 ritans
259 1671 392 1720 magis
410 1669 515 1709 hanc
550 1669 875 1719 dispositionem,
898 1682 1024 1720 quam
1046 1670 1148 1710 alias

113 1732 245 1771 intali
265 1743 452 1783 persona.
488 1730 565 1770 Sed
581 1741 741 1781 quaeres
772 1743 827 1770 an
859 1731 1036 1770 condere
1070 1732 1148 1772 1100

113 1793 237 1833 1110110
264 1796 555 1831 testamentum
576 1791 749 1834 occulte.
774 1796 815 1831 et
845 1793 931 1831 sine
955 1793 1149 1834 facultate

111 1855 356 1906 Superioris,
377 1854 430 1892 sit
449 1865 571 1903 grave
588 1858 801 1904 peccatum
817 1866 891 1892 con
899 1858 958 1893 tra
977 1867 1151 1907 pauper-

112 1920 238 1956 tatem
265 1915 329 1954 vel
348 1914 637 1954 obedientiam.
670 1916 922 1967 Respondeo,
958 1917 1068 1968 quod
1098 1917 1151 1956 ad

112 1981 393 2030 paupertatem
412 1976 572 2024 attinet,
597 1976 761 2015 nullum
771 1977 902 2016 videri
919 1982 1146 2029 peccatum,

113 2043 184 2080 aut
203 2039 346 2078 saltem
366 2049 451 2078 non
469 2038 598 2077 videri
616 2050 755 2089 grave,
781 2039 813 2078 si
833 2051 881 2078 eo
901 2040 1041 2079 animo
1060 2040 1149 2087 fiat,

113 2104 161 2141 ut
175 2105 360 2152 tempore
388 2099 531 2139 mortis
552 2099 794 2151 subjiciatur
809 2101 1033 2152 Superiori,
1052 2102 1149 2152 quia

111 2165 212 2203 tunc
226 2163 307 2202 tale
326 2165 619 2202 testamentum
636 2166 698 2201 est
716 2162 843 2201 veluti
860 2163 1046 2214 quaedam
1061 2175 1149 2202 ma-

115 2224 319 2264 nifestatio
336 2224 557 2263 voluntatis
575 2224 763 2276 propriae,
782 2236 867 2263 non
893 2229 1031 2263 autem
1045 2224 1150 2275 J'uris

115 2286 270 2339 proprii
288 2285 470 2325 indebita
491 2286 718 2337 usurpatio.
741 2287 866 2325 Secus
882 2297 980 2324 vero
1012 2285 1149 2324 dicen-

115 2347 215 2386 dum
236 2352 353 2394 esset,
374 2347 409 2386 si
426 2347 461 2387 is
482 2351 650 2386 testator
665 2346 851 2386 intendat
871 2350 917 2385 ut
932 2358 1051 2385 suum
1071 2350 1150 2385 tes-

115 2411 344 2448 tamentum
360 2408 411 2447 ad
431 2408 717 2447 executionem
738 2408 951 2459 perveniat
987 2420 1038 2447 ex
1056 2419 1150 2459 pro·

115 2471 205 2521 pria
223 2474 387 2508 tantum
407 2469 633 2518 voluntate,
669 2470 788 2519 juxta
817 2470 1004 2521 superius
1040 2469 1150 2508 dicta

114 2531 161 2571 in
177 2531 354 2570 secunda
369 2531 605 2570 assertione.
629 2531 772 2570 Dices:
794 2543 887 2570 cum
907 2542 958 2570 ex
973 2534 1070 2570 voto
1088 2537 1150 2570 te·

113 2599 260 2634 neatur
275 2594 512 2645 hujusmodi
533 2594 748 2644 religiosus
783 2594 972 2633 abdicare
1009 2593 1150 2633 omnia

113 2655 239 2704 hona,
260 2667 354 2694 cum
371 2656 553 2706 primum
571 2655 708 2706 jussus
724 2655 850 2694 fuerit
871 2667 896 2694 a
915 2656 1148 2707 Superiora,

113 2716 211 2757 huic
229 2716 469 2767 obligationi
493 2720 712 2768 repugnat,
735 2717 859 2755 etiam
883 2729 977 2755 cum
1011 2718 1150 2756 animo

115 2778 418 2826 manifestandi,
440 2777 482 2816 id
501 2778 635 2816 facere
656 2789 728 2829 per
764 2779 875 2816 viam
899 2778 1149 2827 testamenti,

116 2840 225 2893 quod
244 2852 328 2879 non
342 2839 467 2879 habet
486 2839 694 2888 effectum,
716 2851 793 2878 1100
816 2843 877 2879 est
899 2839 1058 2888 efficax,
1080 2839 1152 2878 do-

117 2913 280 2953 110οΡοτ
296 2905 474 2940 mortem
494 2901 726 2940 naturalem
754 2900 821 2940 vel
859 2901 1022 2940 civilem
1055 2912 1152 2941 con-

117 2963 316 3003 firmetur.
338 2962 620 3014 Respondetur
634 2962 716 3001 tale
746 2966 1037 3002 testamentum
1064 2975 1149 3002 non

119 3024 317 3076 impedire
351 3024 522 3063 alteram
552 3022 863 3074 obligationem,
888 3028 929 3064 et
964 3025 1150 3064 observa-

121 3085 276 3125 tinnem
310 3086 415 3137 ejus,
446 3086 544 3138 quia
557 3115 568 3134 ‚
602 3097 687 3125 nun
719 3086 905 3125 obstante
934 3086 1006 3126 illo
1030 3090 1151 3126 testa-

46 3187 50 3194 ,
121 3149 276 3194 mento,
295 3150 426 3198 potest
455 3147 649 3198 Superior
682 3147 902 3199 injungere
927 3151 975 3186 ut
1012 3148 1152 3187 statim

123 3206 212 3246 sine
229 3218 344 3246 mora
357 3209 606 3249 renuntiatio
629 3210 819 3249 omnium
839 3210 1043 3249 bonorum
1058 3210 1150 3258 fiat3

121 3270 167 3307 et
182 3271 283 3306 tunc
295 3267 479 3308 subditus
503 3273 665 3311 tenetur
694 3271 734 3311 id
772 3272 936 3323 exequi,
971 3276 1012 3311 et
1039 3272 1156 3324 prius

121 3331 417 3368 testamentum
430 3328 502 3368 fiet
509 3329 688 3382 irritum,
702 3345 751 3373 30
759 3333 915 3372 nullius
930 3333 1133 3373 momenti
1141 3343 1154 3383 ;

122 3401 178 3430 ex
191 3389 309 3429 nullo
343 3401 441 3441 ergo
460 3391 589 3442 capite
623 3393 784 3434 videtur
811 3394 901 3434 11ωο
938 3396 1044 3435 actio
1062 3407 1158 3434 con-

122 3452 252 3491 waria
267 3455 362 3491 voto
383 3452 634 3503 paupertatis
648 3454 695 3494 in
717 3455 827 3496 dicto
856 3468 968 3496 03511.
998 3457 1050 3496 Et
1081 3456 1156 3495 ali·

121 3513 290 3564 quando
321 3517 453 3564 posset
471 3512 582 3552 bona
598 3513 679 3554 fide
695 3513 788 3555 fieri
797 3526 812 3566 3
829 3521 878 3556 ut
894 3518 934 3557 si
951 3517 1154 3565 subditus,

128 3571 209 3613 ibet
221 3574 399 3625 agendo,
416 3578 490 3614 aut
517 3575 765 3627 navigando,
798 3577 954 3617 incidat
985 3579 1032 3617 in
1048 3579 1157 3630 peri-

1203 375 1268 415 bit
1283 375 1498 416 condendo
1513 379 1822 431 testamentum,
1842 387 2071 436 praesertim
2082 388 2129 429 in
2145 400 2238 442 ope-

1203 448 1252 478 ra
1267 437 1353 490 pia,
1374 449 1428 478 ne
1440 437 1492 478 ab
1511 438 1704 478 intestato
1722 445 1940 486 succedant
1971 449 2043 500 qui
2066 449 2241 491 fortasse

1198 508 1284 538 non
1300 499 1506 551 indigent.
1527 499 1583 539 Ut
1596 503 1735 540 autem
1753 503 1946 554 religioso
1963 510 2088 550 modo
2109 511 2155 552 id
2175 511 2239 552 fa.

1198 560 1291 606 ciat,
1312 561 1436 600 debet
1453 572 1640 613 expresse
1658 562 1704 602 in
1722 563 1810 614 ipso
1825 569 2070 611 testamento
2088 573 2239 613 volun.

1196 622 1272 661 tati
1293 622 1523 674 Superioris
1550 622 1658 662 illud
1689 623 1975 677 subordinare,
2007 636 2048 670 et
2082 635 2236 686 optime

1197 684 1322 722 etiam
1334 683 1471 733 faciet,
1493 683 1526 723 si
1536 684 1574 724 ei
1593 685 1839 734 committat,
1855 691 1903 725 ut
1913 700 1962 727 ea
1977 695 2123 743 mutet,
2145 707 2239 748 quae

1198 747 1330 796 magis
1351 745 1543 796 expedire
1562 745 1829 785 videbuntur.
2237 743 2239 749 ⁴

1253 807 1318 846 44.
1350 808 1454 848 Item.
1470 809 1524 848 ad
1547 819 1624 847 non
1655 809 1805 860 pia.—
1822 808 1931 858 Quid
1958 814 2087 865 possit
2108 815 2238 868 Supe-

1199 867 1289 907 rior
1305 868 1348 908 in
1367 869 1444 909 tali
1467 872 1700 910 testamento
1717 875 1987 921 postmortem
2006 876 2170 916 subditi.
2185 898 2239 907 —

1200 929 1317 968 Unde
1337 930 1462 968 etiam
1498 930 1670 970 ulterius
1694 931 1813 979 addo,
1850 933 1895 972 in
1939 935 2012 974 tali
2037 948 2135 976 casu
2170 949 2239 976 ne-

1201 991 1395 1030 cessitatis
1414 1002 1500 1030 non
1538 1003 1624 1031 esse
1658 1004 1783 1043 grave
1819 999 2033 1045 peccatum
2063 997 2238 1037 condere

1199 1055 1507 1101 testamentum,
1526 1054 1851 1104 consanguineos
1870 1056 1937 1095 vel
1961 1057 2063 1096 alios
2085 1058 2238 1104 similes

1201 1114 1486 1153 constituendo
1498 1114 1697 1163 haeredes,
1719 1115 1852 1155 solum
1876 1117 1928 1156 ad
1947 1118 2058 1158 hunc
2093 1119 2236 1168 finem,

1201 1179 1249 1215 ut
1266 1187 1350 1215 non
1370 1177 1599 1215 necessario
1609 1176 1688 1215 51111
1707 1179 1948 1218 succedatur
1963 1180 2015 1219 ab
2029 1181 2237 1232 intestam,

1202 1242 1242 1278 et
1261 1242 1307 1277 ut
1326 1238 1538 1290 Superiori
1561 1239 1790 1278 innotescat
1817 1240 2008 1281 voluntas
2041 1242 2238 1292 defuncti,

1201 1301 1426 1340 dummodo
1443 1301 1480 1340 ei
1497 1313 1658 1353 semper
1676 1303 1972 1352 committatur,
1994 1308 2040 1343 ut
2058 1317 2240 1344 commu—

1200 1367 1287 1402 tare
1300 1363 1426 1414 possit
1434 1363 1558 1402 etiam
1575 1363 1620 1401 in
1637 1375 1761 1414 opera
1778 1364 1859 1415 pia,
1877 1365 1910 1403 si
1931 1370 2090 1404 servata
2107 1366 2240 1407 forma

1199 1424 1552 1465 Constitutionum
1571 1424 1613 1463 id
1629 1425 1820 1476 expedire
1836 1427 2067 1476 judicatum
2085 1428 2211 1467 fuerit
2228 1443 2238 1476 3

1201 1486 1344 1525 adhoc
1369 1486 1481 1525 enim
1512 1498 1675 1538 semper
1711 1487 1867 1538 obligat
1893 1490 2144 1540 paupertatis
2174 1503 2242 1528 vo-

1201 1551 1290 1587 tum
1309 1547 1353 1585 in
1374 1547 1574 1586 Societate
1592 1547 1764 1597 factum,
1788 1553 1834 1587 ut
1866 1562 2038 1590 numero
2064 1552 2242 1591 secundo

1202 1612 1242 1649 et
1276 1609 1398 1647 tertio
1428 1609 1622 1647 diximus.
1661 1609 1915 1663 Quapropter
1949 1613 2021 1663 qui
2057 1613 2243 1653 absolute

1203 1671 1395 1710 conderet
1426 1675 1736 1720 testamentum,
1760 1673 2030 1725 relinquendo
2074 1687 2244 1714 00115311-

1203 1733 1373 1784 guineos
1392 1732 1588 1781 haeredes,
1610 1733 1675 1771 vel
1691 1733 1771 1772 alia
1792 1733 1926 1784 legata
1945 1735 2096 1786 absque
2125 1736 2244 1774 titulo

1203 1794 1382 1846 pietatis,
1400 1794 1580 1844 graviter
1600 1794 1782 1844 profecto
1799 1799 1982 1846 peccaret
2001 1810 2012 1844 ;
2035 1797 2245 1848 multoque

1204 1856 1369 1907 gravius
1379 1856 1412 1893 si
1431 1854 1471 1892 id
1483 1854 1637 1892 faceret
1645 1859 1759 1893 extra
1771 1856 2012 1905 praedictum
2023 1857 2245 1896 articulum

1205 1915 1482 1963 necessitatis,
1514 1915 1612 1966 quia
1638 1919 1737 1953 tunc
1769 1920 1941 1967 usurpat
1973 1929 2093 1955 usum
2117 1917 2246 1956 bono-

1204 1990 1299 2018 rum
1321 1977 1399 2017 sibi
1429 1989 1514 2016 non
1548 1988 1802 2026 concessum,
1838 1982 1880 2017 et
1907 1978 1965 2017 ita
1999 1980 2130 2018 utitur
2162 1980 2245 2019 illis

1204 2040 1323 2079 bonis
1358 2042 1405 2077 ut
1439 2038 1631 2090 propriis,
1671 2039 1781 2089 quod
1827 2041 2008 2090 graviter
2043 2046 2245 2093 repugnat

1206 2100 1453 2154 paupertati.
1477 2100 1643 2139 Accedit
1657 2100 1780 2139 etiam
1794 2101 1917 2140 talem
1936 2102 2138 2141 actionem
2159 2102 2245 2142 fere

1204 2175 1290 2203 esse
1308 2162 1498 2201 inutilem
1516 2172 1528 2212 3
1548 2161 1659 2213 quia,
1674 2163 1834 2201 etiamsi
1845 2163 1934 2214 quis
1954 2164 2156 2203 moriatur
2171 2163 2245 2203 tali

1203 2229 1445 2265 testamento
1458 2223 1623 2262 condito
1638 2224 1762 2275 (quod
1779 2225 1884 2263 Deus
1903 2226 2091 2274 avertat),
2114 2229 2246 2277 potest

1205 2287 1400 2338 Superior
1420 2285 1523 2323 illud
1538 2286 1700 2324 irritare
1716 2285 1857 2324 eadem
1876 2286 2034 2324 ratione
2048 2298 2128 2337 qua
2143 2286 2246 2326 alias

1204 2348 1460 2394 donationes,
1477 2351 1525 2385 ut
1538 2347 1733 2387 diximus.
1752 2348 1868 2387 Tunc
1882 2351 2019 2387 autem
2032 2349 2158 2399 (quod
2172 2360 2245 2389 no-

1204 2409 1376 2449 tandum
1397 2407 1468 2459 est)
1489 2420 1575 2447 non
1595 2412 1698 2447 esset
1715 2408 1893 2448 liberum
1920 2409 2143 2461 Superiori,
2165 2409 2246 2450 nisi

1203 2471 1248 2510 in
1276 2471 1363 2522 ipso
1383 2474 1629 2509 testamento
1649 2470 1725 2509 hoc
1740 2471 1778 2509 ei
1795 2483 1982 2523 expresse
2004 2472 2246 2512 concedere-

1203 2536 1288 2581 tur,
1310 2535 1564 2570 commutare
1582 2532 1884 2571 institutionem
1902 2533 1947 2572 in
1967 2533 2096 2572 alium
2114 2534 2245 2574 113010-

1203 2593 1387 2641 dem,vel
1406 2593 1487 2631 alia
1500 2604 1624 2643 opera
1640 2593 1765 2632 etiam
1778 2594 1863 2645 pia,
1876 2594 1944 2633 sed
1965 2595 2100 2634 solum
2110 2599 2246 2648 posset

1203 2666 1394 2706 rumpere
1407 2657 1720 2702 testamentum,
1738 2667 1819 2706 quo
1838 2655 2000 2694 sublato
2019 2656 2069 2695 de
2090 2657 2242 2706 medio,

1204 2717 1431 2756 necessario
1454 2716 1687 2754 succederet
1701 2716 1750 2765 is,
1763 2716 1830 2755 cui
1850 2717 1902 2755 ab
1917 2718 2109 2757 intestato
2125 2718 2244 2758 debe-

1205 2782 1319 2818 retur
1339 2776 1568 2816 haereditas.
1591 2777 1710 2816 Ratio
1730 2782 1806 2826 est,
1828 2778 1924 2829 quia
1947 2780 2141 2830 Superior
2159 2791 2244 2820 non

1206 2838 1329 2879 habet
1344 2840 1411 2891 jus
1431 2838 1644 2890 proprium
1663 2838 2016 2879 distribuendiilla
2032 2840 2155 2889 bona,
2173 2839 2244 2881 sed

1207 2901 1338 2941 solum
1359 2900 1536 2940 habebat
1555 2901 1621 2952 jus
1642 2900 1885 2951 designandi
1905 2902 2138 2948 materiam,
2156 2914 2244 2941 mo-

1208 2964 1309 3002 dum
1325 2967 1365 3002 et
1374 2967 1597 3014 tempus,et
1607 2962 1732 3001 dandi
1743 2963 1980 3002 facultatem
1988 2967 2048 3009 ‚ut
2057 2963 2245 3003 subditus

1203 3028 1338 3078 posset
1353 3024 1453 3063 talia
1473 3024 1582 3063 bona
1600 3023 1847 3063 distribuere
1859 3024 2048 3074 firmiter,
2071 3029 2110 3064 et
2123 3025 2244 3076 juxta

1204 3098 1323 3126 suam
1343 3086 1638 3136 obligationem
1651 3085 1847 3125 alienare.
1868 3087 1985 3127 Unde
2007 3087 2041 3125 si
2062 3086 2138 3125 hoc
2150 3086 2245 3136 jure

1205 3161 1302 3189 usus
1316 3160 1400 3186 non
1415 3152 1475 3186 est
1485 3148 1651 3187 vivente
1667 3147 1845 3196 subdito,
1857 3152 1949 3199 post
1966 3152 2142 3187 mortem
2159 3148 2245 3198 ejus

1209 3209 1373 3250 nullum
1389 3209 1513 3248 habet
1528 3209 1598 3260 Jus
1619 3209 1908 3247 immediatum
1933 3209 1996 3260 (ut
2015 3209 2071 3248 sic
2095 3208 2243 3259 dicam)

1210 3272 1254 3311 in
1269 3271 1368 3323 ipsis
1387 3270 1519 3318 bonis,
1538 3274 1610 3309 ant
1625 3270 1678 3309 ad
1697 3269 1783 3319 illa,
1809 3274 1884 3310 aut
1914 3269 2243 3309 distributionem

1210 3345 1370 3381 eorum,
1390 3333 1458 3371 sed
1475 3331 1609 3370 solum
1629 3342 1680 3370 ex
1694 3330 1788 3370 alio·
1814 3330 1948 3383 capite
1982 3326 2245 3380 subjectionis

1211 3397 1253 3434 et
1274 3393 1519 3432 obedientiae
1551 3391 1676 3431 habet
1697 3395 1939 3443 potestatem
1960 3388 2158 3434 irritandi,
2180 3386 2245 3427 vel

1209 3459 1344 3496 ratum
1363 3454 1543 3494 habendi
1563 3458 1717 3503 actum,
1753 3464 1878 3505 quem
1906 3450 2093 3490 subditus
2118 3449 2246 3488 etiam

1209 3517 1254 3556 in
1268 3519 1397 3555 morte
1407 3519 1540 3555 ratum
1562 3515 1721 3555 efficere
1734 3526 1819 3553 non
1836 3512 1969 3563 potuit
1983 3509 2070 3548 sola
2082 3521 2158 3549 sua
2175 3521 2247 3550 vo-

1209 3577 1448 3626 luntate3et
1462 3577 1556 3616 ideo
1581 3578 1716 3628 potest
1732 3573 1896 3613 irritare
1919 3573 2212 3612 testamentum
2224 3578 2245 3624 3
