2352 3880
7 286 9 289 .
66 299 67 302 ,
103 277 160 310 ’·;
143 274 290 333 cesset
305 277 424 307 causa
442 264 692 306 immutandi
711 269 887 319 tempus,
904 279 990 307 non
1006 277 1089 306 ces-

79 379 83 381 >
101 318 159 364 'J'
138 349 147 365 -.
163 326 327 371 causam
339 325 667 378 dispensationis,
681 339 751 368 seu
763 329 982 380 privilegii,
993 338 1091 367 nam

8 393 13 394 ⁷
45 382 145 442 gfff-,2
179 389 357 430 sumitur
392 398 444 427 ex
479 387 661 438 generali
696 399 819 428 causa
851 389 1060 441 religionis
1073 416 1090 438 ,

0 491 7 499 ἶ
62 460 95 503 sn
122 453 228 504 .pter
239 449 373 488 varias
386 451 427 487 et
444 447 676 500 frequentes
688 449 774 500 ejus
788 451 1088 502 occupatione3‚

2 548 15 564 ⁷:
75 560 78 561 ⁷
98 510 166 551 lut
183 510 379 550 tollantur
396 509 577 560 scrupuli
591 508 636 548 in
655 510 907 560 particulari.
932 511 1005 552 Per
1018 511 1093 551 hoc

6 565 15 607 ἒ
53 573 73 624 „s
87 592 93 616 ⁷³
116 584 199 612 nen
220 583 306 610 non
329 570 486 612 tollitur
503 571 702 610 naturalis
730 573 921 624 quaedam
940 573 1093 624 obliga-

53 624 110 669 ᾗ·
143 632 331 673 servandi
363 631 546 671 debitum
574 632 762 672 ordinem
791 638 832 673 et
855 635 1023 674 modum
1048 634 1093 674 in

10 742 17 747 ⁶
51 691 78 734 f·
90 694 208 736 ostris
240 693 482 741 actionibus,
513 697 554 732 et
580 693 687 742 iden,
720 697 908 746 quamvis
926 709 1009 736 non
1028 707 1092 736 re-

0 747 245 825 {quiratur
257 767 416 806 semper
435 765 556 794 causa
570 767 643 806 per
662 768 704 795 se
724 757 929 796 sufficiens
948 758 1002 796 ad
1023 769 1091 796 ex-

30 799 326 863 afflationem,
342 815 483 855 saltem
496 816 717 867 requiritur
733 819 984 858 rationabilis
999 831 1092 858 cau·

58 887 105 921 aa
123 878 180 917 sic
199 877 410 929 operandi,
432 877 563 928 qualis
582 879 760 918 maxime
779 881 857 918 erit
877 893 1002 932 quam
1021 891 1091 920 ex·

44 936 201 993 'plicuit
213 939 344 977 Julius
358 938 561 986 Pontifex.
579 951 715 990 supra,
731 940 892 980 dicens:
918 943 972 983 Ut
985 943 1091 993 quie-

61 1002 142 1042 tius
157 1005 192 1041 et
212 1002 387 1042 devotius
407 1002 450 1040 in
469 1002 696 1042 humilitate
721 1003 892 1055 spiritus
920 1004 1091 1044 Alcis-52⁸·

57 1067 120 1104 {no
140 1064 308 1113 possitis
323 1065 488 1114 ,eratum
503 1064 676 1113 praebere
690 1066 942 1115 famulatum.

113 1125 177 1164 19..
202 1125 471 1178 Privileqium
495 1124 609 1165 aliud
635 1126 860 1176 specialiter
891 1127 935 1165 de
949 1125 1091 1166 Matu-

61 1185 157 1227 tino.
174 1187 291 1224 —De
311 1187 510 1226 Matutino
533 1198 629 1224 vero
646 1190 776 1225 exstat
794 1186 978 1237 specialis
996 1199 1090 1227 con-

59 1247 183 1287 'cessio
203 1248 263 1285 Pii
285 1249 334 1295 V,
360 1247 465 1286 facta
496 1247 734 1295 Minoribus,
753 1260 834 1298 qua
854 1249 982 1287 nostri
1002 1261 1090 1300 pos-

60 1313 155 1349 sunt
172 1321 244 1360 per
272 1309 686 1348 communicationem
709 1309 902 1360 gaudere,
932 1314 992 1359 ut,
1014 1311 1091 1349 sci—

0 1390 2 1419 5
59 1370 170 1419 licet,
201 1372 357 1422 possint
379 1372 466 1411 sine
497 1372 685 1423 scrupulo
706 1372 834 1422 pridie
869 1377 964 1412 ante
998 1373 1092 1412 solis

61 1442 245 1474 occasum
278 1433 379 1471 illud
413 1433 597 1472 recitare.
635 1434 694 1472 Ita
714 1434 889 1472 refertur
909 1435 952 1473 in
984 1447 1093 1473 com-

59 1495 210 1550 pendio
231 1500 462 1533 nostrorum
485 1494 810 1546 privilegiorum,
827 1496 952 1534 verbo
966 1497 1093 1537 Horoe

61 1556 318 1608 canonio-mg
346 1557 384 1604 3,
416 1561 455 1595 et
474 1557 660 1596 eamdem
690 1556 872 1594 referunt
907 1558 1095 1596 moderni

61 1618 277 1669 scriptores
299 1619 405 1657 Vera
419 1617 520 1656 Cruz
534 1622 573 1656 et
588 1618 828 1656 Emmanuel
851 1619 1092 1669 Rodriques,

61 1679 134 1731 qui
153 1679 323 1725 addunt,
345 1683 434 1719 ante
460 1679 556 1718 solis
585 1690 776 1725 occasum,
800 1679 900 1719 dicto
923 1679 1095 1730 Comple-

65 1741 181 1780 torio.
219 1741 295 1779 Sed
329 1740 459 1791 quoad
483 1740 587 1778 hanc
624 1745 794 1790 partem,
816 1741 849 1778 si
880 1754 1097 1791 sequamur

64 1802 298 1853 opinionem
319 1803 366 1840 D.
399 1801 564 1840 Thomae
585 1814 707 1852 supra
727 1813 750 1840 a
779 1802 895 1840 nohis
924 1803 1099 1853 explica-

63 1866 164 1910 tam,
189 1863 346 1901 nullum
363 1862 446 1901 fere
463 1868 522 1901 est
541 1863 799 1913 privilegium
819 1863 909 1911 hoc,
933 1876 1028 1901 nam
1046 1875 1097 1903 ex

64 1925 273 1964 communi
299 1924 592 1963 consuetudine
612 1924 688 1962 hoc
709 1924 817 1970 licet,
845 1924 915 1962 sed
936 1924 1098 1974 privile·

64 1985 178 2037 gium
199 1985 285 2023 dari
309 1985 453 2036 potuit,
474 1990 519 2024 ut
538 1987 667 2036 magis
688 1985 775 2023 sine
794 1985 984 2036 scrupulo
1002 1985 1072 2023 fiat
1083 2000 1095 2033 3

64 2046 171 2098 quod
191 2046 235 2085 in
255 2045 387 2085 verbIS
407 2047 495 2097 ejus
516 2046 697 2085 indicare
717 2046 889 2084 videtur.
924 2046 1099 2085 Additur

64 2111 261 2159 praeterea
283 2107 326 2145 in
345 2106 486 2145 eadem
507 2108 779 2156 concessione,
803 2113 843 2147 et
863 2107 1039 2146 habetur
1053 2108 1098 2144 in

65 2166 136 2215 illo
166 2171 304 2206 nostro
338 2167 565 2218 privilegio,
593 2168 618 2217 ἓ
644 2171 695 2214 2,
716 2172 764 2205 ut
797 2177 939 2204 omnes
960 2167 1096 2216 Horae,

67 2229 188 2269 etiam
201 2228 534 2280 Completorium,
558 2228 712 2279 possint
731 2228 924 2278 anteponi
944 2240 1014 2266 seu
1036 2239 1098 2267 re-

67 2290 183 2331 citari
201 2291 302 2330 liora
322 2290 522 2330 matutina
542 2290 724 2341 ejusdem
746 2290 841 2337 diei,
858 2290 1015 2328 ratione
1034 2290 1100 2328 iti·

67 2353 176 2393 neris
200 2353 262 2392 vel
284 2353 453 2392 alterius
479 2351 768 2403 occupationis.
802 2351 916 2398 Quod
937 2350 1100 2402 privile·

67 2414 197 2467 gium,
219 2414 326 2465 quod
346 2414 399 2453 ad
424 2426 498 2453 nos
520 2417 686 2466 spectat,
712 2414 756 2453 in
778 2414 910 2463 prima
937 2425 1100 2452 conces-

69 2475 183 2516 sione
203 2476 300 2515 Julii
324 2476 512 2514 existimo
531 2487 615 2514 esse
635 2479 888 2521 contentum,
911 2487 1007 2514 nam
1037 2474 1102 2514 in·-

70 2537 236 2577 definite
256 2537 438 2588 loquitur
462 2537 512 2575 de
525 2536 601 2575 hac
620 2537 926 2587 anticipatione,
947 2542 1032 2575 tam
1052 2546 1099 2577 ex

70 2602 186 2652 parte
206 2598 415 2649 temporis,
436 2609 560 2650 quam
579 2610 631 2636 ex
661 2603 774 2648 parte
806 2598 1010 2636 Horarum
1038 2609 1101 2638 ca-

70 2659 331 2707 nonicarum,
353 2672 427 2699 nec
446 2663 507 2698 est
525 2671 598 2697 cur
614 2671 640 2700 a
658 2658 775 2697 nobis
792 2659 1005 2697 limitetur.

125 2723 192 2761 13.
210 2722 442 2772 Eoeponz'tur
453 2721 709 2774 privileffium
725 2721 839 2759 aliud
852 2722 896 2759 de
908 2719 1103 2771 anticipa·

69 2783 383 2832 ‚tione—Unde
408 2783 452 2821 in
480 2782 556 2820 hoc
591 2780 729 2819 differt
760 2781 811 2820 ab
841 2782 919 2820 alia
940 2794 1104 2821 conces-

110 2855 187 2884 one
203 2845 346 2883 Leonis
360 2844 410 2892 X,
430 2843 535 2882 facta
552 2842 776 2882 Minoribus
790 2845 891 2880 circa
911 2843 1017 2881 hanc
1030 2855 1104 2881 an-

75 2905 366 2975 ticipationem,
383 2909 429 2944 ut
445 2904 675 2944 habeturin
693 2904 990 2955 supplemento,
1010 2916 1104 2942 con-

163 2967 254 3006 ione
271 2969 361 3015 1028,
379 2979 468 3018 quae
483 2979 533 3006 ex
552 2971 666 3018 parte
689 2979 782 3016 ma*0
770 2967 819 3004 is
835 2966 985 3017 ampla,
1002 2971 1106 3006 etex

153 3034 192 3069 te
212 3031 341 3080 magis
359 3029 496 3068 stricta
520 3029 695 3067 videtur.
715 3030 817 3068 Nam
836 3028 884 3066 de
910 3029 1106 3066 Matutino

79 3089 152 3139 ait,
170 3095 216 3129 ut
240 3091 342 3129 illud
360 3091 512 3142 possint
529 3091 661 3129 dicere
680 3094 774 3128 ante
810 3089 987 3128 mediam
1008 3102 1106 3127 noc-

70 3179 80 3185 ,.
124 3163 181 3200 m,
206 3164 462 3204 quacumque
478 3152 579 3192 hora
597 3152 816 3199 voluerint,
842 3163 932 3202 quae
946 3151 1110 3190 videtur

175 3212 214 3250 ia
245 3212 422 3261 licentia,
452 3214 520 3252 sed
555 3213 838 3262 restringenda
865 3217 940 3260 est,
967 3212 1031 3251 vel
1059 3212 1112 3251 ad

40 3300 45 3301 ν
73 3283 387 3355 ‘quamcumque
416 3274 558 3313 horam
583 3275 763 3326 ejusdem
785 3273 928 3321 noctis,
954 3272 1016 3312 vel
1034 3273 1113 3312 sal-

43 3359 46 3362 ·
85 3336 169 3377 iem
185 3336 236 3375 ad
256 3347 552 3386 quamcumque
567 3335 711 3375 horam
741 3336 822 3374 diei
841 3334 1110 3384 ecclesiastici,

42 3411 49 3418 ¹
71 3357 159 3473 hui
177 3397 313 3449 quoad
332 3397 442 3436 hunc
467 3395 673 3445 effectum,
693 3397 809 3435 finito
827 3395 1112 3447 Completorio,

45 3477 50 3486 ¹
78 3455 235 3510 incipit
255 3458 498 3510 computari.
516 3457 571 3496 De
590 3458 680 3496 aliis
697 3462 834 3496 autem
856 3459 971 3497 Horis
1003 3457 1115 3506 dicit,

266 198 279 228 .”
304 182 321 200 ⁷
347 201 441 239 m.
458 199 517 237 111.
538 198 595 234 AN
613 198 672 235 Al)
691 198 964 242 mustum-tran
981 199 1283 236 cnumxmnuu
1303 201 1385 236 vni.
1406 201 1768 244 munumentum,
1790 202 1882 238 ETG.

140 3519 282 3570 ,Horas
301 3519 346 3560 de
362 3531 476 3559 mane
494 3530 616 3570 usque
631 3518 683 3558 ad
706 3519 891 3569 Vesperas
909 3517 1117 3559 exclusive.

139 3579 314 3635 ‘quihus
329 3581 464 3622 verbis
478 3579 719 3632 ambiguum
737 3583 799 3620 est
814 3580 911 3632 quid
930 3581 1122 3634 Vespera·
1174 3592 1221 3622 ro
1238 3584 1352 3632 parte
1363 3579 1724 3622 Constitutionum,
1743 3588 1778 3614 c.
1796 3575 1836 3623 3,
1854 3572 1878 3624 ξ
1896 3574 1933 3620 ⁹2,
1952 3571 2084 3610 solum
2102 3570 2200 3611 dici·

1901 0 1961 57 αὶ

1143 277 1240 304 rum
1258 267 1426 307 nomine
1453 267 1708 317 significetur
1715 282 1727 317 3
1757 270 1890 319 potest
1913 266 2027 308 enim
2049 269 2177 321 signi·

1143 325 1273 375 ficari,
1296 327 1362 367 vel
1375 329 1563 379 quaedam
1580 341 1688 380 pars,
1709 341 1782 369 seu
1796 329 1904 369 Hora
1922 329 2046 369 officii
2058 342 2182 370 cauo·

1143 388 1244 436 nici,
1261 389 1379 439 juxta
1405 400 1667 428 communem
1691 392 1856 430 modum
1883 390 2080 443 loquendi
2107 391 2185 432 an

1146 448 1307 496 clesiae3
1346 448 1412 488 vel
1444 449 1582 500 ipsum
1617 456 1702 490 tem
1719 465 1779 489 ius
1809 452 2144 504 pomeridianum
2165 480 2177 500 ‚

1140 509 1262 561 juxta
1279 520 1400 548 usum
1421 509 1638 560 Scripturae
1655 523 1711 550 vu
1732 516 1879 557 rrariter
1897 513 2023 552 etiam
2044 520 2179 552 reten-

1145 574 1249 609 tum.
1280 571 1322 610 Si
1343 582 1440 621 ergo
1472 575 1658 609 sumatur
1685 572 1747 621 pri
1764 575 1808 610 ›ri
1837 574 1976 622 modo,
2008 574 2068 612 ibi
2097 585 2180 614 non

1146 631 1380 671 conceditur
1408 631 1577 670 facultas
1607 633 1860 683 anticipandi
1886 635 2099 686 Vesperas,
2122 635 2180 675 ita

1145 696 1195 732 ut
1212 697 1308 732 ante
1335 692 1555 744 prandium
1577 693 1656 731 dici
1683 695 1852 743 possint,
1889 700 2028 746 estque
2061 696 2181 735 valde

1145 755 1330 793 restricta
1349 754 1574 802 concessio;
1607 754 1640 792 si
1661 757 1798 792 autem
1830 761 2016 794 sumatur
2050 762 2180 807 poste-

1145 816 1244 854 riori
1264 815 1399 863 modo,
1417 827 1560 854 sensus
1579 815 1670 863 erit,
1684 820 1729 853 ut
1748 827 1890 854 omues
1911 817 2028 855 Horae
2051 818 2180 856 mino-

1145 887 1212 915 res
1223 877 1376 927 possint
1392 877 1603 927 anteponi,
1616 880 1656 914 et
1673 887 1793 914 mane
1805 888 1848 915 re
1864 877 1982 922 itari,
1999 877 2063 915 vel
2080 881 2180 927 post-

1147 938 1259 988 poni,
1285 942 1325 975 et
1340 939 1503 976 recitari
1517 939 1688 988 vesperi,
1706 942 1746 976 et
1765 939 1821 976 sic
1846 937 1865 975 f
1877 949 1932 976 ¹ie
1951 938 2093 977 eadem
2124 943 2182 978 est

1147 999 1362 1038 concessio.
1386 999 1450 1038 Sic
1468 1003 1605 1038 autem
1629 999 1698 1037 vix
1718 998 1901 1049 intelligo
1919 999 1970 1037 ad
1989 1000 2086 1050 quid
2108 1001 2182 1039 ad-

1146 1060 1232 1099 dita
1250 1061 1302 1098 sit
1327 1060 1396 1099 illa
1427 1061 1627 1111 particula
1645 1062 1856 1108 exclusive,
1887 1066 1927 1100 et
1962 1061 2052 1100 ideo
2074 1063 2182 1112 prior

1144 1132 1286 1161 sensus
1306 1122 1466 1160 videtur
1488 1123 1618 1173 magis
1638 1123 1834 1170 intentus,
1861 1125 1902 1161 et
1928 1121 2101 1161 fortasse
2131 1123 2181 1161 ob

1143 1195 1236 1223 eam
1259 1195 1422 1222 causam
1450 1184 1544 1221 Pius
1562 1184 1595 1221 V
1617 1184 1835 1234 explicavit
1855 1195 1947 1222 eam
1976 1186 2181 1223 extensio-

1144 1256 1255 1291 nem,
1275 1256 1398 1295 usque
1416 1245 1469 1283 ad
1488 1243 1819 1294 Completorium;
1845 1250 1976 1296 potest
2002 1246 2126 1283 etiam
2141 1246 2182 1285 in

1147 1306 1215 1344 illo
1235 1306 1397 1344 Indulto
1420 1306 1565 1344 Leonis
1583 1307 1718 1344 notari
1746 1306 1828 1344 alia
1847 1307 2065 1354 restra-tio,
2088 1307 2183 1357 quia

1147 1367 1278 1406 solum
1310 1367 1545 1406 conceditur
1579 1367 1666 1405 haec
1695 1367 1879 1414 facultas,
1904 1368 2059 1418 qucmdo
2089 1367 2182 1408 reli-

1147 1430 1251 1480 yiosi
1285 1430 1426 1469 habent
1450 1428 1556 1468 alias
1576 1431 1868 1479 occupationes;
1888 1429 2057 1467 inferius
2087 1442 2181 1469 vero

1147 1491 1205 1530 ita
1232 1491 1309 1529 hoc
1325 1491 1558 1541 exponitur,
1578 1494 1624 1528 ut
1643 1490 1795 1528 recidat
1812 1490 1855 1527 in
1872 1502 2037 1528 sensum
2061 1503 2183 1541 supra

1150 1565 1174 1591 a
1192 1553 1309 1591 nobis
1324 1553 1587 1603 explicatum,
1605 1557 1644 1590 et
1657 1551 1776 1589 illum
1792 1551 2032 1589 confirmare
2050 1554 2183 1590 videa-

1152 1618 1239 1664 tur3
1262 1616 1320 1652 ait
1338 1615 1449 1652 enim
1469 1624 1478 1651 :
1501 1613 1681 1652 Etimzsz'
1699 1614 1901 1663 occupatio
1919 1625 1997 1651 non
2013 1613 2067 1651 sit
2087 1613 2185 1652 muz-

1154 1678 1237 1714 tum
1252 1676 1487 1720 necessaria,
1503 1674 1573 1713 sed
1587 1674 1689 1713 satis
1705 1678 1761 1714 est
1779 1675 1883 1727 quod
1895 1676 2068 1727 coquent
2082 1687 2187 1716 nuno

1154 1737 1326 1779 decoctus
1346 1740 1382 1776 et
1398 1737 1573 1788 quietius
1590 1736 1729 1775 dicere.

1538 1868 1706 1910 CAPUT
1734 1868 1801 1913 ΙΙΙ.

1147 1992 1285 2024 UTRUM
1308 1993 1357 2022 AD
1393 1990 1653 2024 FREQUENTER
1681 1991 1964 2021 CELEBRANDUM
1991 1990 2069 2021 VEL
2095 1993 2189 2023 COM-

1204 2053 1476 2087 MUNICANDUM‚
1493 2051 1679 2080 RELlGlOSI
1699 2051 1922 2082 SOCIETATIS
1938 2053 2191 2085 SPECIALHER

1204 2112 1465 2142 OBLIGENTUR.

1204 2229 1315 2268 Inter
1334 2227 1536 2267 exteriora
1552 2226 1688 2266 media
1706 2239 1798 2278 quae
1812 2239 1861 2267 ex
1874 2240 1915 2268 se
1935 2229 2020 2268 vim
2039 2229 2192 2270 habent

1152 2290 1456 2336 sanctificandi,
1490 2293 1533 2328 et
1555 2289 1724 2328 uniendi
1757 2290 1938 2329 animam
1967 2291 2072 2340 Deo,
2112 2293 2191 2343 pri-

1155 2365 1270 2392 mum
1288 2365 1335 2391 ac
1358 2351 1612 2402 praecipuum
1635 2355 1696 2389 est
1715 2356 2015 2392 sacrosanctum
2035 2354 2190 2393 Eucha-

1155 2415 1278 2454 ristiae
1298 2417 1614 2458 sacramentum,
1640 2413 1746 2463 quod
1762 2413 1966 2463 duplicem
1985 2426 2104 2453 usum
2124 2415 2191 2453 ha·

1155 2477 1237 2524 het,
1272 2475 1476 2522 sacrificii,
1506 2474 1670 2522 scilicet,
1709 2479 1750 2514 et
1778 2477 2038 2520 sacramenti.
2078 2481 2118 2515 et
2144 2477 2193 2516 de

1156 2542 1329 2588 utroque
1350 2537 1526 2574 breviter
1542 2535 1763 2575 dicendum
1783 2541 1855 2583 est,
1875 2546 1957 2576 tam
1978 2550 2049 2588 pro
2063 2550 2193 2576 sacer-

1156 2599 1333 2645 dotibus,
1359 2597 1410 2635 ad
1425 2609 1524 2648 quos
1541 2601 1697 2647 spectat
1716 2596 1793 2635 hoc
1817 2597 2063 2636 sacrificium
2094 2598 2192 2637 cele-

1157 2659 1291 2706 brare,
1311 2671 1433 2709 quam
1453 2670 1526 2708 pro
1542 2658 1633 2696 aliis
1652 2658 1842 2697 omnibus
1873 2671 1957 2697 non
1977 2659 2192 2698 sacerdoti-

1157 2720 1248 2769 bus,
1278 2720 1349 2771 qui
1378 2720 1542 2758 missam
1562 2719 1705 2758 audire
1725 2723 1766 2759 et
1784 2721 2087 2760 communicare
2101 2732 2193 2772 pos-

1157 2786 1307 2822 suntet
1331 2781 1494 2820 debent.

1211 2846 1250 2882 1.
1275 2844 1459 2882 Primum
1479 2844 1670 2892 punctum
1693 2852 1769 2894 pro
1784 2840 1918 2892 priori
1940 2845 2057 2892 parte
2082 2842 2195 2883 tituli

1159 2903 1203 2948 de
1229 2905 1424 2955 frequenti
1441 2904 1708 2943 celebracione.
1724 2903 1920 2941 -Primo
1955 2915 2054 2952 ergo
2090 2905 2195 2943 circa

1160 2967 1475 3006 celebrationem
1502 2965 1632 3003 Missae
1650 2964 1732 3002 duo
1754 2963 1823 3002 illa
1841 2964 2026 3013 vulgaria
2043 2971 2195 3016 puncta

1161 3028 1357 3077 distingui
1380 3030 1561 3077 possunt,
1583 3026 1758 3073 scilicet,
1781 3026 2020 3064 exercitium
2053 3031 2164 3064 actus
2178 3055 2192 3074 ,

1162 3095 1202 3129 et
1217 3088 1459 3140 specificatio
1478 3100 1547 3126 seu
1567 3088 1711 3126 modus
1727 3088 1830 3137 ejus,
1847 3099 1942 3126 nam
1958 3087 2006 3126 de
2023 3093 2195 3137 utroque

1163 3151 1319 3203 aliquid
1340 3152 1384 3189 in
1415 3149 1779 3189 Constitutionibus
1800 3149 2010 3188 societatis
2036 3149 2195 3186 ordina-

1165 3218 1254 3252 tum
1273 3216 1347 3259 est,
1379 3215 1419 3250 et
1445 3211 1598 3261 aliquid
1625 3212 1668 3249 in
1699 3210 1920 3261 privilegiis
1952 3214 2011 3247 est
2041 3220 2196 3247 conces-

1165 3286 1270 3321 sum,
1292 3273 1401 3324 quod
1429 3272 1607 3311 breviter
1629 3271 1915 3322 explicandum
1935 3274 2008 3310 est.
2044 3270 2091 3308 Et
2123 3270 2197 3306 im-

1167 3335 1309 3388 primis
1326 3335 1375 3374 de
1393 3334 1587 3373 exercitio
1606 3345 1677 3372 seu
1703 3332 1933 3383 frequentia
1962 3330 2196 3370 celebratio-

1169 3397 1233 3435 nis
1266 3395 1472 3443 statuitur,
1510 3398 1555 3433 ut
1592 3394 1723 3434 Missae
1753 3392 1998 3432 sacrificium
2026 3389 2196 3430 crebrius

1172 3469 1297 3509 quam
1317 3461 1458 3496 octavo
1477 3468 1639 3507 quoque
1658 3456 1723 3494 die
1753 3467 1776 3493 a
1796 3450 2068 3492 sacerdotibus
2097 3448 2197 3488 offe·

1173 3523 1308 3565 ratur;
1323 3520 1380 3557 ita
1398 3519 1441 3556 in
1460 3517 1674 3564 Examine,
1698 3528 1733 3555 c.
1753 3516 1794 3562 4,
1817 3514 1838 3564 ἓ
1860 3515 1924 3557 253
1945 3512 1988 3548 in
2007 3514 2120 3548 sexta
2135 3520 2198 3548 VO·
