2352 3880
102 1066 389 1127 admittatur,
409 1074 453 1113 et
477 1065 538 1113 ad
559 1080 693 1129 quem
713 1064 869 1127 finem.

26 1151 145 1202 lfflr.
174 1151 231 1197 ΙΙ.
263 1150 357 1198 Cur
381 1149 681 1211 Coadjutores
696 1145 962 1209 spirituales
980 1142 1071 1192 So-

105 1231 281 1281 cietatis
303 1232 415 1280 Jesa
436 1229 661 1279 solemnia
684 1238 790 1277 vota
814 1244 907 1276 non
930 1226 1069 1274 emit-

106 1323 221 1374 tant,
251 1322 296 1361 et
319 1313 369 1360 in
392 1329 480 1376 quo
507 1328 538 1359 a
568 1304 790 1375 professis
820 1317 866 1357 et
888 1308 1069 1356 schola-

102 1395 230 1444 ribus
253 1395 491 1459 differant.

98 2548 351 2599 Introduc-tio
369 2553 425 2595 ad
440 2554 661 2605 sequentem
678 2549 828 2592 librum
845 2550 947 2603 septi
950 2561 1073 2590 mum.

30 2616 272 2661 -.—constat
290 2627 342 2655 ex
359 2614 484 2654 Bullis
502 2617 543 2654 et
559 2611 929 2654 constitutionibus
943 2611 1078 2650 Socie-

31 2692 33 2694 ·
51 2678 158 2727 tatis,
176 2689 278 2730 quas
296 2677 418 2725 infra,
437 2688 474 2715 c.
498 2677 537 2723 1,
558 2674 800 2723 referemus,
818 2678 964 2726 praeter
986 2685 1078 2724 pro-

27 2737 167 2780 flfessos
187 2744 363 2791 quatuor
381 2741 585 2785 votorum,
600 2748 684 2789 esse
700 2736 801 2775 alios
820 2735 1078 2787 presbyteros

29 2800 273 2853 1ιινεῙίςίοξὸοε,
290 2801 361 2852 qui
376 2800 428 2840 ad
449 2800 555 2851 ipsos
572 2798 770 2850 professos
791 2798 836 2836 in
854 2796 1077 2849 spirituali·

28 2859 125 2913 ibus
151 2862 392 2904 ministeriis
426 2860 630 2914 juvandos
667 2861 712 2899 in
745 2859 948 2900 Societate
974 2858 1075 2898 reci-

26 2917 214 2975 lpimitur
230 2954 246 2974 ,
274 2924 393 2976 eique
424 2923 505 2963 alio
530 2933 685 2974 genere
716 2921 978 2973 professionis
1007 2919 1075 2960 vel

26 2985 210 3026 vunionis
236 2985 565 3037 incorporantur,
586 2988 627 3023 et
652 2983 698 3022 in
725 2982 872 3022 ultimo
897 2982 1075 3034 quodam

28 3060 33 3092 ι
53 3046 179 3098 gradu
207 3046 397 3098 religioso
416 3045 732 3092 constituuntur,
751 3056 854 3096 quos
874 3047 1077 3095 professos

26 3117 34 3148 ι
51 3106 173 3149 trium
186 3112 379 3156 votorum,
393 3112 464 3148 aut
481 3108 731 3160 coadjutores
745 3106 981 3159 spirituales
990 3107 1076 3156 for-

25 3172 178 3211 lmtos
197 3169 463 3220 appellamus.
484 3169 541 3209 De
558 3169 623 3209 his
642 3180 740 3220 ergo
759 3179 870 3208 nunc
897 3178 1077 3206 eommo-

24 3224 103 3272 ‹de
123 3242 256 3271 sermo
282 3230 443 3278 incidit,
463 3231 560 3282 quia
586 3243 681 3271 cum
713 3229 903 3282 professis
930 3229 975 3268 in
1002 3228 1080 3268 mi-

26 3301 34 3331 ι
52 3290 230 3333 nisteriis
242 3294 283 3331 et
300 3291 346 3331 in
361 3291 456 3331 vitoe
469 3303 618 3342 genere
636 3291 901 3338 conveniunt,
916 3294 1081 3342 praeter-

25 3364 175 3408 {quam
214 3353 261 3394 in
290 3353 412 3393 modo
436 3357 626 3392 votorum
650 3365 742 3405 quae
776 3353 975 3393 emittunt
993 3381 1006 3402 ‚
1039 3356 1084 3392 et

24 3427 34 3459 ι
53 3414 348 3468 consequenter
387 3414 434 3454 in
473 3413 775 3453 conditionibus
808 3425 911 3465 quas
948 3413 1082 3465 requi-

23 3479 175 3526 tmt3
193 3487 318 3527 quam
342 3475 618 3516 differentiam
643 3474 711 3515 hic
738 3475 942 3526 explicare
975 3475 1083 3525 ejus-

24 3541 136 3591 tque
157 3539 359 3579 rationem
381 3536 555 3578 reddere
584 3547 746 3576 necesse
764 3538 846 3583 est,
874 3535 1083 3586 simulque

23 3603 33 3638 i
57 3597 254 3652 quidquid
283 3599 349 3640 his
377 3597 571 3651 gradibus
590 3597 806 3651 proprium
825 3608 876 3636 ae
903 3597 1084 3649 speciale

24 3657 34 3701 Ι
57 3654 182 3703 inerit
195 3659 511 3708 ἁῆοῑβῐώίηωβ,

264 435 595 552 INDEX
657 434 1105 546 CAPITUM
1169 434 1445 540 LIBRI
1513 432 1926 534 SEPTIMI

173 664 247 719 DE
282 661 633 713 PROFESSIONE
669 659 837 708 TRIUM
874 655 1138 712 VOTORUM,
1178 654 1245 702 Ac
1276 651 1541 702 FORMATIS
1577 640 2013 708 COADJUTORIBUS.

20 984 146 1038 QGAP.
184 983 220 1032 Ι.
260 982 355 1032 Car
382 983 477 1031 hoee
511 982 737 1045 professio
767 981 818 1028 in
841 980 1071 1028 Societate
1124 979 1231 1026 CAr.
1272 977 1353 1023 111.
1392 976 1473 1023 An
1512 974 1786 1022 conveniens
1825 972 1970 1036 fuerit
2007 971 2164 1020 Coad-

1187 1061 1367 1123 jutores
1409 1059 1685 1122 temporales
1719 1058 1769 1105 in
1808 1055 2039 1105 Societate
2078 1052 2165 1104 ad-

1192 1143 1348 1203 mitti,
1391 1150 1438 1190 et
1493 1143 1657 1205 quibus
1700 1140 1818 1189 votis
1862 1140 2166 1203 incorporen-

1191 1234 1282 1274 tur.

1125 1308 1233 1357 CAP.
1274 1309 1348 1356 IV.
1389 1306 1632 1356 Generalis
1661 1304 1835 1367 illatioff
1855 1304 1912 1352 de
1946 1294 2167 1368 qradibus

1192 1404 1496 1453 personarum
1530 1385 1793 1434 Societatis.

966 1565 1143 1572 ———-

831 1671 1029 1735 LIBER
1065 1663 1385 1733 SEPTIMUS

59 1972 830 2131 PROFESSIS
879 1842 1369 2124 ‘TRniUM
1423 1966 2145 2122 'VOTORUM

978 2387 1217 2409 m·-

1539 2544 1707 2589 CAPUT
1731 2549 1765 2590 1:

1134 2684 1210 2713 CUR
1236 2682 1281 2714 IN
1308 2682 1523 2712 SOCIETATE
1550 2683 1679 2716 ALIQUI
1702 2682 1987 2712 ADMITTANTUR
2006 2681 2058 2711 AD
2073 2681 2166 2712 PRO-

1198 2745 1414 2775 FESSIONEM
1445 2745 1567 2773 TRIUM
1595 2745 1759 2775 TANTUM
1783 2745 1973 2776 VOTORUM
1996 2763 2007 2783 ‚
2035 2744 2087 2775 ET
2113 2720 2171 2774 AD*

1195 2807 1303 2841 QUEM
1330 2806 1451 2836 FINEM
1477 2807 1762 2836 DESTINENTUR.

1182 2921 1224 2959 1.
1255 2920 1375 2960 Ratio
1397 2918 1605 2960 dubitandi
1633 2919 1843 2972 bipartita,
1867 2941 1923 2951 —
1944 2919 2041 2959 Haee
2072 2931 2167 2971 gra-

1131 2981 1260 3021 duum
1272 2981 1503 3020 differentia
1516 2981 1690 3020 difficilis
1709 2981 1850 3021 multis
1869 2981 1956 3021 visa
1978 2984 2055 3030 est,
2069 2982 2167 3032 quia

1131 3049 1265 3097 potest
1284 3056 1368 3084 esse
1388 3045 1544 3084 occasio
1564 3045 1862 3084 dissensionum
1879 3048 1920 3084 et
1939 3043 2168 3084 aemulatio-

1131 3119 1233 3147 num
1252 3107 1297 3146 in
1315 3106 1514 3158 religione
1529 3136 1543 3155 ,
1562 3111 1603 3147 et
1620 3107 1774 3159 alioqui
1804 3106 1920 3146 nulla
1950 3107 2038 3157 ejus
2058 3104 2169 3143 suffi-

1132 3171 1242 3210 ciens
1267 3170 1373 3209 ratio
1389 3174 1584 3222 apparet,
1615 3173 1818 3221 quantum
1836 3169 1888 3209 ad
1909 3180 2090 3221 praesens
2107 3171 2167 3206 at-

1132 3233 1250 3273 tinet.
1274 3233 1457 3272 P-rimum
1496 3244 1568 3284 per
1601 3244 1645 3272 se
1683 3232 1847 3272 videtur
1866 3231 2041 3279 clarum,
2070 3229 2168 3282 quia

1133 3293 1204 3334 ina
1242 3293 1476 3334 differentia
1512 3294 1724 3333 constituit
1759 3293 2082 3345 inaequalitatem
2122 3289 2167 3326 in

1134 3355 1344 3406 gradibus,
1361 3366 1408 3394 ac
1426 3355 1597 3406 proinde
1615 3355 1697 3395 rari
1718 3366 1805 3395 esse
1825 3357 1993 3406 possunt
2011 3351 2082 3403 qui
2102 3349 2167 3387 in-

1135 3416 1276 3456 feriori
1294 3417 1426 3468 gradu
1444 3417 1527 3456 sint
1545 3417 1743 3466 contenti,
1772 3420 1815 3456 et
1843 3415 1939 3454 inde
1975 3413 2166 3452 oriuntur

1135 3478 1463 3530 perturbationes
1475 3478 1726 3526 animorum,
1741 3476 1897 3528 judicia
1915 3473 2029 3512 varia
2047 3483 2095 3512 ae
2112 3471 2167 3510 si-

1134 3538 1263 3579 nistra
1278 3538 1329 3579 de
1345 3539 1648 3591 Superioribus,
1667 3537 1778 3591 quod
1797 3536 1932 3587 potius
1950 3532 2168 3576 affectione

1133 3603 1207 3642 aut
1240 3599 1344 3640 falsa
1373 3600 1663 3640 informatione
1698 3596 1899 3648 accipiant
1942 3606 2136 3647 personas
2152 3599 2170 3644 ,'

1137 3672 1266 3714 quam
1289 3661 1402 3712 juste
1429 3661 1586 3712 eligant
1604 3671 1652 3700 ae
1671 3657 1932 3708 distribuant,
1950 3660 1994 3698 et
2017 3656 2170 3698 similia
