2352 3880
0 0 15 50 ᾗ
39 0 402 55 π’,ὤηι
444 43 467 69 b
493 0 650 64 ‘gaqe
694 0 726 24 -ν
766 0 918 45 ενι
991 1 999 18 1
1159 0 1227 34 m,-

156 48 157 52 ,
191 50 198 54 ,
247 54 254 59 Ἰ
1144 46 1166 58 l'
1221 46 1227 59 2

190 295 314 334 etiam
334 299 574 342 prorogare.
594 286 684 326 Hoc
712 290 855 324 autem
875 285 1001 324 modo
1023 297 1109 325 non
1125 286 1227 326 vita-

189 358 334 396 rentur
351 347 614 390 incommoda
637 358 736 397 quae
763 345 807 385 in
832 347 1035 399 principio
1066 358 1183 387 num.
1200 347 1226 387 3

187 411 544 468 proponebantur,
561 408 635 447 sed
654 407 792 459 potius
810 411 1090 458 augerentur-3
1110 408 1223 460 quia,

189 487 238 514 eo
260 474 351 524 ipso
382 470 495 521 quod
509 474 675 520 tempus
693 468 797 508 illud
814 481 889 521 pro
903 470 1154 520 quibusdam
1175 481 1226 509 ex

187 531 497 584 dispensatione
527 530 814 578 minueretur,
838 530 1013 569 aliorum
1047 530 1226 582 querelae

186 593 322 634 timeri
340 596 523 643 possent,
537 591 587 630 de
599 592 1128 647 acceptione-personarum
1145 592 1224 631 Su-

187 655 398 706 periorem
421 653 558 704 ipsum
580 652 810 704 arguendo,
833 657 874 690 et
898 652 956 691 sic
976 652 1028 691 de
1052 653 1155 691 aliis.
1178 653 1224 691 In

185 715 480 768 prorogatione
499 714 700 762 autem,si
715 714 939 763 aliquando
959 718 1066 753 esset
1083 725 1224 752 neces-

188 777 314 823 saria,
333 776 478 814 fuisset
497 776 632 826 major
659 779 757 814 nota
777 787 851 813 seu
881 774 1048 813 infamia
1064 787 1074 821 ;
1092 781 1221 825 ergo,

188 838 372 890 pensatis
396 836 605 880 omnibus,
630 835 943 875 convenientius
973 835 1051 874 fuit
1079 835 1126 873 ‘in
1146 834 1224 873 hac

188 903 307 951 parte
325 898 484 937 nullam
508 902 687 936 statuere
710 897 845 947 legem
869 900 1019 947 praeter
1041 895 1224 948 prudens

188 971 237 999 ac
248 960 408 1010 justum
429 959 628 1009 judicium
650 957 820 996 Praelati.

241 1022 307 1059 17.
343 1022 484 1060 Tertia
503 1020 624 1058 ratio.
644 1038 698 1049 —
714 1019 852 1058 Tertia
875 1022 917 1058 et
935 1018 1225 1059 fundamenta-

186 1080 239 1123 lis
270 1086 375 1120 ratio
393 1084 471 1128 est,
486 1081 587 1130 quia
621 1091 755 1118 causae
781 1092 943 1126 omnes,
966 1092 1058 1130 quae
1085 1092 1224 1120 move-

187 1147 285 1183 nant
303 1142 550 1180 Societatem
580 1140 635 1179 ad
664 1141 966 1191 expectandam
983 1141 1223 1182 diuturnam

187 1202 505 1255 probationem,
544 1206 850 1252 consequenter
879 1202 1136 1252 impulerunt
1170 1201 1224 1241 ad

188 1263 494 1314 expectandum
515 1262 839 1302 satisfactionem
859 1263 989 1314 ipsius
1009 1263 1224 1302 Societatis

189 1336 239 1363 ex
257 1325 327 1362 tali
349 1324 593 1374 probatione
614 1324 903 1372 resultantem,
922 1335 1020 1362 nam
1040 1323 1094 1361 ad
1114 1324 1225 1363 hunc

188 1384 317 1424 finem
335 1385 549 1424 ordinatur
567 1385 775 1435 probatio,
803 1397 895 1435 quae
924 1385 1079 1423 inutilis
1101 1388 1224 1432 esset,

189 1446 239 1490 si,
258 1446 330 1484 illo
346 1445 430 1484 fine
461 1446 649 1484 nondum
683 1450 920 1492 consecuto,
944 1446 1145 1496 professio
1163 1446 1227 1484 ni·

188 1506 414 1545 hilominus
432 1505 570 1545 danda
589 1511 712 1546 esset.
729 1508 822 1546 Haec
842 1511 979 1545 antem
1002 1506 1226 1545 satisfactio

186 1579 272 1606 non
294 1571 428 1617 potest
448 1579 539 1607 esse
556 1573 669 1607 certa
688 1569 731 1607 in
755 1568 940 1619 quolibet
963 1573 1074 1607 certo
1089 1580 1138 1607 ac
1157 1568 1228 1607 de-

187 1630 409 1668 terminato
429 1634 632 1679 tempore,
651 1630 749 1680 quia
769 1642 853 1668 non
875 1630 1061 1668 consistit
1080 1630 1123 1667 in
1138 1629 1227 1668 sola

189 1690 389 1739 temporis
415 1691 740 1740 perseverantia,
761 1691 834 1729 sed
853 1691 896 1728 in
922 1691 1022 1737 vita,
1042 1694 1083 1729 et
1102 1690 1225 1728 mori-

186 1749 281 1795 bus,
303 1755 344 1789 et
361 1751 586 1790 affectuum
615 1751 918 1795 moderatione.
939 1762 1033 1800 quae
1063 1751 1119 1789 ab
1153 1751 1228 1788 ali-

189 1811 338 1860 quibus
375 1811 490 1850 brevi
526 1816 730 1861 tempore,
763 1812 816 1849 ab
850 1811 940 1849 aliis
969 1823 1068 1850 vero
1090 1811 1227 1861 (quod

186 1871 446 1921 frequentius
460 1872 621 1921 accidit)
634 1885 708 1922 per
724 1873 968 1910 diuturnum
987 1874 1112 1911 etiam
1127 1877 1226 1911 tem-

186 1943 266 1982 pus
284 1944 366 1970 non
386 1938 671 1983 comparatum
693 1946 808 1983 erge,
827 1938 1012 1984 spectato
1031 1934 1113 1972 fine
1134 1946 1226 1984 pro-

188 1993 367 2032 bationis
399 1994 618 2039 diuturnae,
642 2006 724 2032 non
759 1995 835 2032 fuit
863 1995 1088 2045 expediens
1105 1995 1226 2035 aliter

187 2054 247 2092 ini
267 2055 490 2092 terminum
511 2055 781 2105 professionis
799 2056 1016 2105 assignari.

242 2116 307 2155 18.
339 2115 539 2156 Accedunt
558 2117 756 2156 commoda
778 2117 865 2155 sine
895 2117 1227 2157 incommodis.—

189 2177 404 2215 Accedunt
426 2173 728 2226 praeterea'alia
755 2177 975 2214 commoda
996 2187 1047 2214 ex
1079 2178 1225 2226 hujus-

188 2238 300 2276 modi
321 2237 611 2275 incertitudine
630 2248 707 2275 seu
723 2236 1114 2275 indeterminatione
1130 2249 1225 2288 pro·

188 2299 424 2345 venientia;
450 2298 486 2337 si
506 2299 618 2337 enim
647 2302 813 2348 tempus
841 2298 894 2336 ad
923 2298 1226 2348 professionem

190 2363 300 2398 esset
332 2363 508 2406 certum,
534 2371 583 2398 ac
617 2359 940 2398 determinatum
964 2371 1040 2409 per
1070 2359 1223 2410 legem,

189 2425 331 2472 posset
349 2421 534 2460 humana
551 2421 752 2472 fragilitas
769 2421 862 2459 inde
881 2421 1142 2460 occasionem
1158 2434 1225 2460 su-

189 2494 306 2522 mere
323 2483 378 2521 ad
391 2482 605 2522 remissius
616 2483 683 2521 vel
699 2482 979 2533 negligentius
997 2494 1103 2533 agen
1111 2482 1224 2532 dum,

191 2548 278 2582 tam
300 2544 339 2582 in
359 2544 523 2582 virtutis
544 2555 671 2594 quam
693 2545 737 2582 in
765 2544 993 2582 litterarum
1022 2544 1225 2594 profectu,

191 2606 290 2644 etin
312 2606 587 2656 applicatione
617 2605 744 2644 etiam
765 2604 820 2643 ad
839 2605 1067 2642 ministeria
1092 2604 1227 2644 Socie-

194 2667 300 2712 tatis,
320 2671 362 2705 et
377 2666 640 2706 sustinendos
653 2666 820 2705 labores
834 2666 1114 2716 professorum
1134 2677 1230 2717 pro-

192 2727 331 2778 prios3
353 2739 447 2777 quae
484 2728 648 2766 occasio
684 2727 842 2766 tollitur
863 2739 913 2765 ex
941 2727 1140 2777 temporis
1165 2727 1230 2765 in-

191 2788 464 2827 certitudine:
485 2788 584 2833 imo,
605 2799 700 2826 cum
722 2799 867 2826 omnes
886 2787 1118 2837 intelligant
1135 2799 1228 2838 pro-

191 2847 385 2886 fessionis
408 2849 602 2887 meritum
628 2860 713 2886 non
733 2860 825 2886 esse
855 2847 1034 2897 positum
1053 2847 1096 2886 in
1123 2851 1229 2886 tem-

193 2908 305 2958 poris
329 2908 588 2958 antiquitate,
607 2908 683 2947 sed
708 2908 752 2946 in
771 2908 850 2946 illis
868 2908 989 2946 donis
1012 2910 1055 2946 et
1090 2907 1229 2946 condi·

193 2968 377 3007 tionibus
411 2980 502 3019 quae
541 2969 594 3008 ad
625 2981 720 3007 enm
749 2968 925 3019 gradum
954 2968 994 3006 in
1024 2968 1227 3006 Societate

194 3029 472 3081 postulantur,
492 3029 547 3068 de
578 3029 730 3079 quibus
760 3029 819 3067 illi
856 3029 971 3079 prius
991 3028 1228 3067 satisfacere

194 3102 367 3130 necesse
390 3094 476 3137 est,
495 3091 591 3130 inde
611 3090 672 3134 fit,
688 3091 899 3130 moraliter
915 3103 965 3129 ac
986 3091 1230 3141 regulariter

193 3151 420 3201 loquendo,
439 3155 484 3191 ut
507 3152 739 3190 excitentur
769 3152 824 3190 ad
845 3152 1047 3202 majorem
1067 3163 1227 3199 curam,

195 3215 281 3252 tam
300 3213 344 3252 in
363 3213 651 3252 observatione
670 3212 858 3260 instituti,
875 3224 1001 3263 quam
1021 3212 1064 3250 iu
1085 3212 1230 3251 studiis

197 3278 239 3314 et
258 3274 349 3313 aliis
363 3274 582 3314 Societatis
600 3274 804 3314 exercitiis
822 3286 870 3312 ac
888 3274 1138 3312 ministeriis.
1156 3275 1231 3312 De-

197 3335 326 3386 nique
353 3347 449 3375 cum
482 3335 549 3375 hoe
567 3335 766 3374 utilitates
785 3347 837 3374 ex
861 3335 941 3374 hae
973 3334 1230 3374 institutione

198 3391 359 3448 sperari
380 3396 553 3448 possint,
569 3397 814 3447 nullumque
842 3406 988 3435 verum
1007 3399 1231 3435 incommo-

197 3457 300 3498 dum
319 3470 372 3497 ex
388 3457 460 3497 ffla
479 3458 610 3509 possit
627 3457 779 3504 timeri,
797 3460 839 3496 et
868 3456 959 3495 aliae
988 3456 1170 3495 rationes
1191 3459 1231 3496 et

198 3530 334 3558 causae
349 3531 425 3570 pro
444 3519 619 3559 materia
638 3518 786 3558 morali
809 3517 892 3557 sint
928 3518 1052 3557 etiam
1083 3529 1231 3569 urgen-

197 3582 278 3628 tes,
291 3579 406 3620 nulla
418 3580 665 3632 relinquitur
675 3580 722 3620 in
730 3580 810 3620 hoc
825 3580 994 3632 negotio
1014 3578 1230 3619 dubitandi

546 222 623 255 ms.
646 219 701 254 vi.
723 217 781 253 mi
797 218 1087 259 mrzssms,
1108 219 1204 261 onie
1222 209 1515 255 aisement-n
1534 217 1614 257 m
1635 212 1692 253 nr
1704 213 1765 253 nn
1768 172 1848 260 us,
1855 217 1962 255 mc

1279 285 1401 326 ratio.
1422 284 1566 324 Solum
1586 286 1778 334 superest
1796 286 1844 323 ut
1862 266 2090 337 probemus
2100 282 2136 323 h
2182 249 2242 296 ἶ

1281 346 1397 397 sequi
1418 345 1755 394 incommodum3
1778 344 1859 384 hoc
1881 348 2020 384 autem
2038 343 2202 402 partim
2209 373 2226 386 ,η

1278 407 1420 447 batum
1457 411 1519 447 est
1552 407 1596 446 in
1634 405 1930 458 superioribus,
1964 405 2034 445 lib.
2069 407 2110 452 3,
2143 394 2263 459 cap-²

1279 481 1374 508 cum
1411 467 1667 507 ostendimus
1701 466 1957 518 scholaribus
1984 466 2214 507 Societatis·
2239 463 2281 507 .ἶ,

1278 529 1489 580 injuriam,
1506 541 1602 576 nee,
1628 541 1704 581 per
1732 541 1778 568 se
1805 527 2029 578 loquendo,
2047 527 2216 578 aliquod
2257 534 2269 559 f
2320 567 2323 573 ,

1279 589 1543 630 commodum
1561 589 1666 636 fieri,
1684 602 1734 629 eo
1755 589 1866 640 quod
1882 601 1967 628 non
1991 590 2127 628 statim
2157 587 2211 628 ad

1279 653 1461 690 lemnem
1491 651 1791 702 professionem
1825 649 2105 691 admittantur.
2125 649 2223 696 Quae

1278 713 1430 752 militer
1462 712 1640 764 probant
1660 714 1771 752 idern
1793 713 1844 752 de
1864 723 2128 763 quocumque
2146 716 2251 750 tem
2268 723 2294 746 ι*

1278 787 1338 822 re,
1356 775 1400 813 in
1417 786 1499 825 quo
1515 787 1563 814 ex
1580 774 1816 814 rationabili
1833 785 1960 814 causa
1983 774 2026 812 in
2045 784 2093 812 eo
2113 777 2222 811 statu
2245 789 2255 806 ι
2275 780 2305 827 ..ᾗ

1277 835 1482 882 tinentur3
1499 836 1634 886 magis
1657 847 1757 875 vero
1779 834 1983 875 constabit
2004 845 2056 874 ex
2072 833 2277 884 responsi

1279 897 1402 936 nibus
1421 896 1474 936 ad
1491 901 1750 948 argumenta.
2298 900 2301 906 '

1333 960 1398 998 19.
1430 959 1497 999 Aa
1509 958 1688 1011 primam
1715 959 1994 1008 armamentum
2009 957 2056 997 in
2077 967 2188 997 num.
2210 956 2250 996 ἱ.
2299 993 2303 995 Α

1279 1019 1434 1062 Dicatio
1446 1019 1718 1072 professionis
1732 1019 1836 1070 falso
1851 1019 2002 1058 dicitur
2018 1029 2113 1058 nove
2126 1018 2288 1058 inventa
2332 1034 2334 1037 >

1280 1101 1333 1112 -
1347 1081 1410 1120 Ad
1427 1082 1604 1132 primam
1636 1092 1735 1131 ergo
1758 1078 1977 1119 dubitandi
1996 1079 2215 1125 rationem,
2238 1088 2280 1128 p
2309 1070 2318 1126 J

1280 1153 1373 1180 rum
1390 1142 1574 1192 profecto
1590 1141 1767 1180 referret
1785 1151 1874 1179 rem
1902 1139 2011 1178 hanc
2031 1150 2124 1178 esse
2142 1147 2326 1189 novam,

1279 1204 1315 1241 si
1335 1202 1388 1242 ad
1411 1203 1727 1242 convenientem
1748 1201 2091 1253 gubernationem
2107 1211 2225 1238 novae
2245 1211 2281 1238 r·
2347 1213 2352 1255 ἰ

1279 1264 1460 1315 ligionis,
1479 1265 1646 1315 proprio
1667 1268 1708 1302 et
1729 1263 1930 1314 peculiari
1947 1261 2071 1300 modo
2086 1261 2139 1300 ad
2155 1257 2327 1311 specta-⁵·
2348 1265 2352 1309 ξ

1280 1324 1360 1363 lem
1386 1325 1514 1363 finem
1533 1325 1734 1370 instituta,
1757 1326 1808 1362 sit
1830 1323 2095 1370 conveniens,
2112 1325 2153 1360 et
2177 1320 2323 1371 Apos—
2348 1325 2352 1356 i

1281 1385 1402 1425 tolica
1432 1386 1732 1436 approbatione
1765 1386 1905 1436 digna.
1943 1384 2060 1422 Addo
2099 1395 2197 1422 vero
2225 1386 2324 1421 non‘
2348 1399 2352 1428 g

1282 1458 1374 1486 esse
1407 1459 1572 1493 novam,
1594 1447 1822 1499 praesertim
1862 1446 2001 1497 quoad
2039 1445 2245 1495 spiritum,
2270 1443 2323 1482 et'

1281 1508 1406 1547 finem
1428 1521 1504 1559 per
1523 1520 1615 1547 eam
1635 1509 1861 1555 intentum;
1877 1507 2082 1552 videlicet,
2102 1511 2146 1544 ut
2158 1504 2312 1556 gravis-

1283 1570 1385 1608 sima
1420 1569 1649 1608 ministeria
1691 1569 1967 1609 ecclesiastica
2006 1571 2046 1607 et
2079 1568 2312 1606 animarum

1282 1630 1513 1669 sollicitudo
1550 1642 1636 1669 non
1683 1630 1974 1676 committatur,
2012 1629 2090 1667 nisi
2122 1619 2326 1679 personis'

1282 1692 1401 1730 valde
1420 1692 1573 1742 dignis,
1596 1691 1649 1731 de
1670 1691 1821 1741 quibus
1859 1690 2014 1742 sperari
2037 1690 2178 1740 possit,
2201 1687 2325 1738 quod·

1285 1765 1379 1792 cum
1418 1765 1564 1792 earum
1608 1753 1829 1792 securitate
1849 1783 1858 1800 ‚
1902 1755 1944 1790 et
1989 1751 2163 1790 aliarum
2207 1750 2325 1788 fruc-¹

1282 1817 1340 1859 tu,
1361 1815 1402 1851 et
1438 1813 1651 1864 religionis
1685 1814 1919 1864 integritate
1952 1823 2000 1851 ac
2028 1810 2217 1850 decentia
2242 1809 2327 1849 iila

1281 1875 1446 1914 valeant
1466 1887 1674 1914 exercere.
1699 1877 1747 1914 Et
1772 1874 1972 1925 imprimis
1997 1874 2084 1924 jam
2106 1885 2246 1924 supra,
2265 1884 2311 1912 n.

1282 1937 1344 1982 15,
1370 1948 1420 1974 ex
1452 1936 1630 1975 Climaco
1663 1936 1937 1982 ostendimus,
1960 1946 2085 1986 quam
2117 1935 2329 1973 diuturna·

1279 1997 1403 2035 fuerit
1419 1997 1516 2036 olim
1539 1997 1726 2047 probatio
1742 1997 1977 2047 aliquorum
1994 1992 2335 2042 monacliorum,l

1281 2069 1373 2109 quaa
1413 2058 1446 2096 si
1484 2058 1652 2097 definite
1694 2061 1782 2097 erat
1813 2058 1982 2108 triginta
2015 2069 2235 2105 annorum,
2266 2058 2332 2096 υἱ·-

1282 2119 1434 2158 ibidem
1456 2119 1621 2166 dicitur,
1644 2119 1830 2170 profecto
1843 2118 1986 2157 durior
2005 2122 2093 2157 erat
2123 2118 2192 2156 illa
2212 2114 2328 2156 tem-³

1281 2181 1392 2228 poris
1411 2180 1716 2226 determinatio,
1739 2192 1865 2230 quam
1885 2180 1976 2219 haec
2009 2182 2148 2218 nostra
2169 2176 2326 2230 indetis

1280 2239 1367 2278 nita
1387 2242 1591 2289 probatio.
1615 2243 1656 2279 Si
1677 2254 1775 2280 vero
1795 2253 1995 2280 numerus
2010 2241 2078 2279 ille
2097 2252 2174 2290 per
2192 2245 2333 2290 exag-*

1281 2301 1538 2352 gerationem
1569 2301 1726 2351 positus
1759 2304 1836 2347 est,
1870 2302 2029 2352 positus
2048 2300 2230 2352 profecto
2251 2301 2315 2338 est

1282 2373 1357 2411 pro
1389 2361 1586 2400 diuturna
1610 2361 1872 2411 probatione.
1904 2361 1954 2400 Et
1987 2361 2043 2400 ita
2076 2359 2335 2406 Cassianusj*

1281 2421 1352 2460 lib.
1371 2424 1398 2461 4
1424 2421 1477 2460 de
1498 2422 1698 2460 Institutis
1716 2433 1907 2468 renunc.‚
1929 2433 1964 2460 c.
1988 2423 2028 2468 3,
2048 2424 2071 2460 7
2090 2426 2131 2459 et
2147 2422 2187 2465 8,
2211 2420 2314 2460 indi-

1284 2487 1349 2522 cat
1357 2483 1644 2533 probationem
1651 2483 1866 2532 Juniorum
1878 2482 1930 2521 ad
1939 2481 2312 2532 monacliatumper
2326 2478 2336 2507 ⁴

1283 2544 1413 2583 multa
1431 2545 1712 2595 experimenta
1740 2544 1902 2583 solitam
1929 2543 2019 2583 fieri
2035 2544 2179 2589 fuisse,
2199 2542 2311 2582 nulla
2329 2553 2339 2570 ·

1283 2606 1481 2657 temporis
1500 2605 1847 2644 determinatione
1868 2604 2067 2643 adhibita.
2090 2605 2334 2653 Praeterea,

1284 2679 1377 2706 cum
1398 2667 1495 2705 olim
1520 2666 1714 2704 monachi
1733 2665 1960 2716 generatim
1977 2677 2060 2703 non
2078 2667 2217 2703 essent
2232 2664 2342 2704 cle-

1282 2728 1371 2775 rici,
1397 2731 1437 2766 et
1457 2727 1510 2765 ad
1530 2739 1626 2766 eum
1652 2731 1803 2765 statum
1832 2726 1986 2765 assumi
2020 2729 2201 2776 possent,
2224 2671 2346 2778 nul-³,

1282 2789 1368 2827 lnm
1389 2787 1441 2826 ad
1465 2787 1545 2825 hoc
1566 2791 1731 2837 tempus
1748 2786 2112 2834 determinabatur,
2134 2786 2207 2825 sed
2226 2793 2339 2827 me·

1283 2849 1358 2888 rita
1380 2848 1712 2887 attendebantur.
1727 2849 1775 2887 Et
1791 2848 1884 2887 ideo
1899 2848 2000 2887 dixit
2018 2848 2315 2899 Hieronymus,'
2326 2838 2341 2876 ff
2350 2861 2352 2867 ·

1283 2911 1324 2949 in
1345 2910 1464 2960 epist.
1490 2911 1517 2948 4
1541 2910 1597 2948 ad
1614 2909 1852 2948 Rusticum:
1879 2909 1954 2951 Sic
1976 2909 2059 2949 m‘ve
2087 2911 2131 2949 in
2158 2903 2352 2950 monas—4

1285 2972 1398 3016 teo-io,
1418 2974 1464 3009 ut
1496 2970 1663 3011 clericus
1686 2982 1767 3011 csso
1798 2970 2004 3011 merearis.
2037 2970 2088 3009 Et
2124 2969 2313 3010 Gelasius

1285 3031 1410 3081 Papa,
1424 3030 1466 3068 in
1486 3043 1578 3082 cap.
1595 3030 1650 3072 Si
1669 3033 1761 3084 quis
1778 3032 2003 3078 monachus,
2026 3031 2250 3082 16,qnaest.
2265 3031 2289 3070 i
2319 3040 2326 3062 1
2350 3037 2351 3040 ’

1284 3092 1388 3131 duas
1408 3092 1663 3131 conditiones
1678 3092 1730 3131 ad
1745 3092 1861 3132 illum
1875 3105 2094 3131 ascensum
2112 3091 2284 3143 mquiffl
2292 3098 2314 3130 :⁶

1283 3165 1424 3199 unam,
1445 3155 1546 3204 quod
1563 3155 1776 3194 monachus
1794 3154 2028 3194 venerabilis
2057 3154 2151 3194 vitoe
2170 3166 2222 3191 m
2264 3161 2300 3186 ⁶¹1

1284 3215 1500 3254 sacerdotio
1518 3215 1661 3268 dignus
1680 3216 1884 3262 vz'deatur;
1897 3215 2085 3261 alteram,
2102 3219 2147 3254 ut
2161 3205 2307 3254 Abm

1284 3276 1355 3316 sub
1375 3277 1490 3327 cujus
1509 3274 1672 3326 imperio
1691 3276 1796 3328 quz'
1819 3275 1979 3318 Christo
2003 3276 2172 3324 militat,
2190 3275 2302 3320 illu,

1280 3337 1371 3387 fieri
1390 3337 1664 3388 presbyterum
1678 3338 1852 3389 petierit.
1879 3338 1982 3378 Cum
2002 3349 2101 3389 ergo
2127 3337 2231 3377 Soci

1286 3397 1337 3436 sit
1356 3398 1504 3449 religio
1539 3399 1818 3447 sacerdotnm,
1840 3402 1882 3439 et
1910 3411 1996 3438 non
2023 3408 2236 3449 quorumc

1285 3470 1382 3509 que,
1405 3459 1480 3498 sed
1499 3459 1650 3510 quibus
1675 3462 1910 3500 animarum
1942 3458 2170 3499 miniatem
2230 3474 2237 3490 ι
2259 3470 2303 3517 ⁹⁵.

1284 3520 1516 3568 mittuntur,
1534 3520 1636 3572 quid
1654 3522 1808 3560 mirum
1824 3519 2022 3572 estquod
2053 3517 2196 3570 πενίη
2219 3535 2238 3552 w
2278 3523 2299 3551 .'

1284 3579 1477 3621 fessionis
1494 3581 1586 3634 ejus
1596 3594 1680 3622 non
1698 3583 1752 3623 sit
1769 3585 1928 3624 certum
1938 3585 2117 3633 tempus,
2130 3578 2211 3620 sed
2233 3591 2301 3615 ι’

1795 3809 1805 3830 “
1975 3806 2046 3880 ᾗ
