2352 3880
980 36 1082 86 r..

390 232 483 267 cAP.
504 231 547 267 X.
568 231 626 267 AN
646 231 875 268 EXPLICATA
897 233 1114 272 summum
1133 235 1282 274 CAPITE
1301 236 1543 276 PAUPERTAS
1563 243 1831 287 commutans,
1849 246 1941 282 E'rc.

100 296 247 341 »minus
261 296 375 340 hunc
389 297 560 338 modum
577 298 826 350 paupertatis
841 301 1074 353 assumpsit,
1087 304 1135 341 ut

101 365 217 401 tomo
234 359 285 400 de
301 359 387 400 vita
405 359 568 410 Christi,
596 359 699 412 disp.
721 360 790 409 28,
810 365 906 402 sect.
926 363 968 412 2,
988 361 1134 414 proba-

104 425 194 462 tum
214 428 289 470 est,
307 425 348 461 et
365 421 547 473 Apostoli
565 422 705 469 etiam,
726 433 826 473 quos
844 423 896 462 ad
911 424 1133 475 praedican-

102 483 200 523 dum
231 483 370 535 elegit,
399 483 477 522 hoc
502 483 633 523 etiam
669 483 762 523 vitae
796 495 929 535 genus
961 485 1129 538 professi

101 549 218 594 sunt3
239 545 343 585 nihil
361 545 473 585 euim
489 544 634 584 stabile
650 545 696 584 in
714 547 953 597 particulari
969 547 1127 588 habue-

99 611 210 656 runt,
230 611 277 646 ut
298 611 410 646 tomo
425 608 635 657 superiore
657 611 718 646 est
737 611 962 659 ostensum,
992 619 1126 663 neque

97 670 139 709 in
161 670 371 710 communi
387 668 536 708 habere
554 673 758 720 poterant,
778 671 932 711 scilicet
954 672 1000 714 in
1029 683 1125 724 spe-

91 731 185 770 ciali
221 731 514 770 communitate
547 731 718 782 Collegii
754 732 978 784 Apostolici
995 745 1007 781 ;
1038 733 1124 774 imo

90 793 214 832 etiam
246 803 296 832 eo
332 795 529 843 tempore,
551 793 692 832 omnia
724 799 842 833 erant
870 795 916 834 in
948 795 1125 835 Ecclesia

89 853 339 901 communia,
359 865 445 893 non
468 854 817 895 conservabantur
835 855 944 896 bona
962 857 1124 897 stabilia

89 919 131 955 et
147 915 390 964 immobilia,
410 914 482 955 sed
501 916 573 966 qui
594 915 803 957 habebant
819 929 940 969 agros
957 923 1030 959 aut
1052 919 1123 958 do-

88 988 177 1016 mos
189 1006 200 1024 ‚
223 977 447 1017 vendentes
470 977 697 1016 afferebant
729 979 862 1029 pretia
892 991 1050 1028 eorum,
1082 983 1124 1019 et

87 1038 296 1090 ponebant
313 1039 366 1079 ad
388 1039 511 1091 pedes
540 1039 828 1091 Apostolorum
845 1070 856 1088 ‚
892 1045 942 1080 ut
969 1041 1123 1081 dicitur

88 1101 227 1141 Actor.
247 1103 290 1141 4.
309 1101 425 1149 Quod
442 1102 478 1141 si
495 1100 632 1152 aliqua
650 1101 759 1140 bona
775 1101 937 1142 stabilia
954 1102 1124 1144 fuerunt

87 1165 187 1202 tunc
209 1163 253 1203 in
274 1163 593 1214 congregatione
610 1161 811 1212 fidelium,
826 1175 1042 1216 nunquam
1059 1169 1122 1206 ta·

87 1234 185 1263 men
204 1223 356 1276 legitur
379 1223 536 1275 aliquid
568 1223 775 1275 peculiare
795 1226 1043 1277 pertinuisse
1067 1225 1122 1267 ad

86 1285 312 1337 Collegium
330 1285 634 1337 Apostolicum3
660 1296 798 1338 neque
824 1286 869 1326 id
900 1287 1122 1329 verisimile

88 1351 149 1387 est
157 1362 168 1396 3
188 1359 271 1387 non
288 1346 401 1388 enim
415 1350 502 1387 erat
515 1347 871 1389 accommodatum
888 1360 1033 1389 eorum
1045 1349 1122 1390 mi-

86 1407 268 1457 nisterio,
283 1420 378 1448 cum
393 1420 470 1450 nec
483 1408 609 1448 simul
620 1409 774 1457 vivere,
793 1421 867 1449 nec
880 1410 1019 1450 locum
1033 1422 1124 1451 cer-

85 1473 176 1508 tum
194 1474 267 1509 aut
284 1469 451 1510 firmum
471 1469 626 1511 habere
638 1470 837 1511 deberent
849 1501 859 1520 ,
878 1472 949 1512 sed
968 1473 1124 1525 disper-

85 1542 150 1571 sos
177 1542 249 1583 per
279 1532 521 1572 universum
541 1533 745 1574 mundum
776 1534 1047 1586 peregrinari,
1074 1546 1125 1576 ac

85 1593 322 1643 praedicare,
343 1593 452 1645 quod
468 1594 594 1634 latius
612 1595 874 1646 prosequitur
895 1596 1033 1637 Alvar.
1050 1596 1122 1637 Pe-

86 1654 233 1706 lagius,
250 1654 325 1694 lib.
344 1656 369 1696 2
396 1655 448 1695 de
467 1656 641 1696 Planctu
658 1657 862 1705 Ecclesiae,
883 1669 969 1710 cap.
1002 1659 1123 1710 quin-

86 1716 323 1767 quagesimo
354 1717 511 1768 quinto.
545 1718 629 1757 Hoc
662 1722 803 1757 autem
838 1719 934 1759 vitae
976 1731 1122 1770 genus,

87 1783 290 1828 quantum
310 1783 456 1831 potest,
472 1779 660 1818 imitatur
671 1779 850 1819 Societas
868 1779 1064 1832 professa,
1077 1784 1127 1821 ut

87 1840 185 1878 satis
204 1841 248 1879 in
275 1840 554 1891 superioribus
583 1839 833 1891 explicatum
853 1846 940 1891 est;
964 1843 1043 1883 fuit
1060 1854 1125 1884 er-

85 1911 139 1952 go
159 1902 375 1953 expediens
406 1906 468 1950 ut,
493 1906 698 1953 quantum
716 1907 867 1954 posset,
887 1903 1002 1943 illam
1022 1917 1123 1956 pau-

84 1966 285 2013 pertatem
312 1962 559 2003 imitaretur.
582 1963 680 2011 Quae
701 1963 842 2003 omnia
865 1965 963 2004 satis
982 1969 1124 2005 osten·

85 2023 204 2072 dunt,
221 2035 295 2076 per
314 2035 357 2063 se
375 2023 595 2075 loquendo,
616 2023 695 2063 hoc
713 2024 772 2063 ita
790 2036 875 2065 esse
886 2033 900 2076 3
927 2026 1038 2078 quod
1053 2037 1124 2067 au-

86 2089 170 2126 tem
189 2088 313 2126 etiam
343 2084 386 2126 id
414 2087 469 2125 sit
496 2086 733 2138 expediens,
756 2098 843 2128 non
865 2088 1127 2130 obstantibus

87 2149 322 2188 extrinsecis
331 2149 652 2200 impedimentis,
665 2149 869 2191 constabit
876 2151 1126 2203 responden-

87 2211 140 2250 do
158 2212 210 2250 ad
222 2211 401 2251 rationes
419 2210 653 2251 dubitandi.

141 2272 184 2312 7.
212 2272 282 2313 Ad
295 2272 472 2324 primum
498 2274 781 2325 arqumeutum
806 2271 852 2313 in
887 2279 998 2314 num.
1020 2274 1128 2314 1.-

90 2335 152 2375 Ad
178 2336 359 2387 primum
376 2336 662 2387 respondetur,
684 2335 914 2377 clericalem
936 2336 1127 2378 habitum

91 2397 198 2437 nihil
226 2397 425 2449 impedire
449 2398 670 2448 quominus
695 2398 876 2450 religiosi
896 2399 1123 2450 Societatis,

90 2462 132 2498 et
149 2470 194 2497 re
210 2459 313 2510 ipsa,
335 2462 375 2499 et
393 2459 440 2497 in
460 2459 654 2499 exteriori
671 2460 806 2511 specie
825 2471 1027 2512 pauperes
1044 2460 1128 2502 cle-

90 2519 168 2559 rici
197 2520 280 2558 sint
312 2523 354 2558 et
383 2525 631 2570 appareant3
652 2521 766 2560 unde
782 2532 859 2561 nec
890 2526 1125 2573 paupertas,

90 2593 168 2620 nec
186 2580 429 2620 mendicitas
445 2581 626 2620 dissonat
640 2580 694 2620 ab
710 2581 948 2632 huiusmodi
966 2582 1124 2632 habitu,

90 2642 257 2695 quando
277 2642 510 2681 voluntaria
525 2647 601 2691 est,
616 2646 657 2682 et
670 2642 860 2694 religioso
875 2643 999 2683 modo
1014 2655 1128 2685 exer-

91 2710 220 2746 cetur.
246 2705 385 2757 Neque
418 2706 547 2746 etiam
578 2707 811 2745 communis
845 2707 956 2753 vita,
991 2706 1128 2758 quoad

92 2766 183 2807 haec
203 2767 407 2806 exteriora
424 2766 505 2806 cibi
530 2771 574 2807 et
594 2771 729 2819 potus,
759 2767 892 2806 obstat
912 2767 1008 2807 huic
1027 2780 1128 2820 pau-

93 2829 256 2880 pertati,
275 2832 347 2869 aut
363 2840 578 2868 onerosam
595 2829 710 2868 illam
726 2828 862 2869 reddit
880 2829 969 2869 aliis
997 2829 1127 2869 fideli·

94 2889 183 2939 bus,
200 2902 292 2930 cum
310 2902 396 2930 esse
415 2890 560 2930 debeat
572 2891 754 2931 multum
773 2891 1000 2941 moderata,
1014 2892 1128 2932 itaut

96 2955 136 2991 et
146 2951 390 3004 pauperibus
400 2956 439 2992 et
448 2952 650 3003 religiosis
668 2953 719 2992 sit
730 2953 1048 2994 accommodata.
1062 2953 1129 2994 Sic

97 3013 206 3054 enim
228 3013 410 3053 Christus
428 3015 642 3063 Dominus,
672 3018 714 3054 et
739 3014 937 3066 Apostoli,
955 3014 1050 3055 licet
1076 3024 1129 3055 ex

99 3074 365 3126 eleemosynis
406 3076 593 3116 viverent
606 3107 620 3125 ,
662 3076 870 3117 ordinarie
907 3077 1129 3117 utebantur

103 3137 384 3176 communibus
412 3137 535 3187 cibis,
557 3141 679 3189 prout
699 3137 781 3177 illis
801 3138 1128 3190 apponebantur,

102 3200 149 3234 ut
158 3207 209 3234 ex
218 3197 341 3235 variis
354 3198 451 3237 locis
466 3195 678 3250 Evangelii
688 3199 866 3250 intelligi
885 3204 1031 3251 potest,
1041 3211 1133 3253 quae

106 3256 218 3306 alibi,
238 3260 338 3296 tom.
359 3260 399 3307 2,
419 3259 464 3298 in
482 3260 507 3298 3
526 3272 586 3311 p.,
611 3261 716 3312 disp.
737 3262 805 3310 20,
825 3265 999 3301 tractata
1016 3266 1111 3301 sunt
1118 3275 1132 3312 ;

105 3322 147 3358 et
184 3319 430 3369 generaliter
466 3320 519 3359 ad
554 3323 838 3372 praedicatores
869 3324 1136 3375 Evangelicos

107 3380 211 3419 dixit
230 3379 425 3430 Christus,
448 3379 546 3420 Luc.
569 3383 620 3422 10
635 3397 645 3422 :
660 3385 902 3426 Manducate
917 3397 1003 3438 quoe
1017 3397 1137 3438 appo·

108 3445 262 3482 uantur
292 3443 401 3483 vobis
409 3458 427 3490 ;
461 3446 533 3482 et:
565 3443 621 3483 In
638 3445 792 3486 *eadem
826 3447 936 3486 domo
969 3450 1136 3496 manete,

109 3503 261 3545 edentes
281 3507 317 3544 et
337 3504 504 3546 bibentes
528 3515 617 3558 quoe
631 3506 741 3556 apud
755 3507 848 3548 illos
862 3511 969 3548 eunt.

1187 311 1239 343 ex
1261 308 1376 356 parte
1393 305 1588 356 perfecta,
1604 313 1667 348 est
1689 309 1901 362 dispositio
1915 313 2037 353 vaide
2052 323 2221 355 consen-

1185 369 1308 405 tanea
1338 365 1384 405 in
1418 367 1666 418 Evangelico
1683 372 1951 422 praedicatore
1962 384 1977 425 3
1998 375 2079 415 hoc
2107 376 2219 417 enim

1183 427 1318 478 primo
1339 427 1521 467 Christus
1538 429 1734 470 Dominus
1761 434 1950 486 exemplo
1978 447 2052 476 suo
2070 437 2221 477 confir-

1184 488 1341 537 mavit3
1362 489 1509 528 deinde
1526 489 1604 528 hoc
1619 491 1754 541 ipsum
1771 494 1989 544 Apostolus
2008 497 2162 548 docuit,
2176 503 2220 540 et

1179 559 1319 601 supra,
1333 549 1405 589 lib.
1421 550 1570 601 primo,
1590 563 1679 603 cap.
1706 556 1903 604 secundo,
1925 570 2101 600 numero
2122 572 2223 606 sex-‚

1177 613 1236 658 to,
1254 613 1524 660 ostendimus,
1535 613 1700 664 quando
1712 614 1893 655 Christus
1908 618 2106 661 Dominus
2120 634 2216 663 con-

1177 673 1337 714 sulebat
1351 673 1582 725 relinquere
1588 675 1733 714 omnia
1750 681 1916 727 propter
1926 679 2213 734 Evangelium,

1176 734 1301 775 Marc.
1321 737 1387 785 10,
1399 735 1627 787 specialiter
1638 737 1886 778 intellexisse
1906 746 2072 792 propter
2084 745 2214 785 Evan-

1175 795 1334 846 gelium
1362 797 1687 848 praedicandum,
1727 799 1848 850 juxta
1883 800 1987 841 illud
2023 803 2140 844 Lucae
2159 808 2212 846 9:

1177 856 1282 899 Sine
1298 862 1345 898 ut
1361 860 1509 899 mortui
1527 859 1720 910 sepeliant
1740 865 1917 902 mortuos
1933 874 2050 909 suos;
2075 868 2122 904 tu
2140 877 2215 906 au-

1175 921 1254 958 tem
1272 919 1382 966 vade,
1403 923 1442 960 et
1470 921 1671 961 annuntia
1706 932 1873 973 reanum
1903 923 1994 963 Dei.
2021 924 2095 964 Cui
2124 925 2216 965 doc-

1174 979 1293 1019 trinae
1329 985 1527 1020 consonat
1559 982 1669 1033 quod
1698 983 1896 1023 Eusebius
1922 984 2063 1034 refert,
2091 985 2163 1027 lib.
2190 988 2216 1027 3

1174 1041 1378 1091 Historiae,
1405 1054 1495 1094 cap.
1535 1043 1605 1092 31,
1633 1043 1774 1084 dicens
1797 1059 1808 1083 ε
1839 1045 2007 1086 Etenim
2034 1047 2216 1100 plerique

1175 1114 1306 1144 omnes
1321 1105 1526 1156 discipuli,
1547 1104 1616 1157 qui
1648 1118 1688 1146 eo
1727 1111 1898 1159 tempore
1923 1108 2129 1156 vixerunt,
2148 1122 2216 1149 ar-

1174 1165 1348 1206 dentiore
1375 1167 1545 1208 catastis
1578 1168 1786 1220 sapientia·
1816 1169 1954 1209 studio
1988 1170 2155 1218 incensi,
2179 1174 2218 1212 et

1170 1237 1261 1279 proe
1278 1228 1444 1280 quodam
1472 1229 1603 1269 divini
1622 1230 1730 1269 verbi
1748 1229 1940 1270 desiderio
1961 1231 2110 1272 animis
2127 1244 2216 1284 per-

1174 1290 1280 1331 culsi
1295 1294 1537 1342 praeceptum
1553 1290 1786 1332 Servatoris
1804 1295 1922 1332 antea
1935 1294 2131 1334 traditum
2151 1306 2217 1334 ea·-

1174 1352 1323 1403 quz'site
1340 1353 1493 1392 eoeeeuti
1507 1355 1616 1401 sunt,
1629 1357 1665 1392 et
1685 1353 1764 1402 his,
1780 1354 1849 1404 qui
1861 1354 1949 1404 opis
1964 1354 2213 1407 rumpebant,

1174 1414 1395 1462 facultates
1418 1425 1519 1455 suas
1550 1413 1715 1454 libenter
1747 1415 2068 1466 imperaverunt,
2085 1416 2217 1458 deinde

1174 1475 1397 1516 adomibus
1426 1476 1514 1515 suis
1546 1487 1712 1528 pereyre
1743 1478 1927 1528 profecti,
1949 1490 2096 1518 munus
2115 1480 2217 1518 obie-

1175 1541 1274 1577 runt
1291 1537 1676 1590 Evanyelistarum;
1692 1543 1811 1590 atque
1838 1538 1906 1587 iis,
1927 1540 1997 1591 qui
2016 1551 2064 1579 ue
2083 1541 2214 1582 adhue

1175 1597 1330 1651 quidem
1350 1600 1509 1640 omnino
1524 1600 1684 1640 verbum
1696 1600 1791 1653 fidei
1810 1602 2072 1650 audivissent,
2098 1601 2225 1651 Chri<

1176 1664 1284 1701 stum
1321 1662 1563 1712 proedicare,
1611 1666 1648 1702 et
1691 1661 1936 1713 Scripturas
1984 1659 2224 1704 sauctorum',

1177 1722 1497 1774 Evanyeliorum
1522 1723 1692 1770 tradere,
1713 1724 1820 1763 omni
1836 1735 1936 1764 cura
1952 1728 1991 1764 et
2010 1709 2226 1779 cogitatio-f

1177 1793 1226 1823 ue
1244 1785 1498 1824 studuerunt.
1512 1785 1613 1823 Cum
1635 1796 1732 1835 ergo
1747 1784 1925 1823 Societas
1942 1785 2125 1836 professa
2139 1782 2226 1825 hoel

1178 1844 1290 1885 idem
1314 1846 1411 1885 vitae
1443 1847 1679 1885 institutum
1711 1847 1909 1897 primario
1928 1847 2217 1898 amplectatur,

1176 1908 1327 1947 merito
1345 1911 1629 1959 paupertatem
1655 1907 1863 1960 exquisite,
1885 1908 1928 1946 id
1958 1912 2035 1957 est,
2060 1913 2219 1959 exacte,

1177 1973 1219 2009 et
1237 1980 1333 2008 cum
1351 1968 1467 2007 omni
1486 1968 1734 2020 perfectione
1754 1969 1865 2017 colit,
1887 1981 1985 2008 nam
2010 1982 2084 2021 per
2102 1983 2144 2010 se
2160 1971 2221 2010 illi

1178 2029 1304 2070 etiam
1345 2031 1555 2079 convenit,
1577 2030 1730 2069 relictis
1764 2031 1941 2082 propriis
1978 2016 2227 2082 domiciliis)

1177 2103 1251 2145 per
1283 2095 1419 2131 totum
1450 2092 1655 2131 mundum
1684 2092 1940 2143 peregrinari
1962 2093 2015 2131 ad
2036 2074 2225 2133 dissemi-¹

1177 2153 1365 2193 nandum
1405 2154 1699 2204 Evangelium;
1722 2154 1874 2193 habere
1896 2157 2037 2194 autem
2058 2154 2224 2204 domos}

1179 2211 1224 2254 in
1249 2215 1401 2267 quibus
1428 2215 1531 2254 socii
1551 2215 1679 2254 etiam
1699 2214 1879 2254 habeant
1906 2214 2224 2266 permanentem

1178 2275 1478 2316 habitationem
1512 2288 1586 2328 pro
1615 2276 1755 2327 aliquo
1795 2280 1995 2328 tempore,
2020 2282 2082 2316 est
2101 2277 2225 2330 quasi}

1176 2338 1521 2385 acmentarium,
1542 2338 1639 2388 quia
1652 2349 1736 2376 non
1755 2341 1917 2391 poterat
1935 2338 2053 2378 aliter
2069 2333 2225 2387 conve-1l

1176 2399 1343 2439 nienter
1361 2399 1585 2450 gubernari
1595 2410 1608 2449 ;
1624 2403 1664 2438 et
1677 2399 1767 2437 ideo
1787 2399 2225 2441 convenientissimum}

1177 2461 1258 2500 fuit
1280 2465 1327 2499 ut
1357 2472 1484 2512 quam
1516 2466 1802 2513 paupertatem
1828 2461 1874 2500 in
1896 2462 2160 2502 missionibus
2178 2468 2224 2504 et:

1179 2522 1578 2574 peregrinationibus
1613 2522 1828 2562 observare
1851 2522 2002 2564 debent
2034 2525 2218 2576 professi,

1180 2595 1275 2623 cum
1297 2595 1366 2624 eas
1386 2584 1514 2623 etiam
1536 2584 1623 2624 sine
1650 2584 1800 2623 viatico
1823 2583 1937 2624 adire
1957 2585 2218 2638 promittant,

1179 2649 1294 2685 sexta
1329 2649 1445 2697 parte
1476 2644 1843 2693 constitutionum,
1861 2656 1951 2697 cap.
1984 2646 2175 2694 secundo,
2195 2646 2221 2698 §

1181 2707 1341 2747 decimo
1372 2707 1510 2754 tertio,
1534 2707 1723 2748 eamdem
1759 2707 1906 2747 domus
1930 2708 2118 2759 professae
2149 2708 2225 2758 ob—¹

1179 2773 1360 2818 servent,
1381 2773 1428 2808 ut
1459 2781 1602 2810 eorum
1620 2770 1706 2808 vita
1725 2768 1945 2809 uniformis
1967 2770 2035 2818 sit,
2053 2774 2094 2809 et
2123 2770 2224 2823 quia

1179 2841 1341 2882 semper
1357 2830 1462 2870 etin
1481 2830 1597 2869 omni
1626 2829 1714 2868 loco
1747 2829 1883 2870 eidem
1912 2830 2078 2871 muneri
2098 2823 2228 2870 evan-v

1182 2892 1385 2945 gelizandi
1404 2891 1644 2931 incumbere
1665 2890 1830 2930 debent.

1232 2955 1274 2994 9.
1304 2952 1374 2994 Ad
1402 2954 1576 3004 priorem
1604 2952 1878 3004 probationem
1906 2953 1952 2993 in
1986 2963 2096 2994 uum.
2118 2955 2223 2993 2.—

1180 3012 1244 3056 Ad
1281 3015 1459 3066 priorem
1488 3014 1775 3066 probationem
1805 3013 1928 3065 hujus
1961 3015 2128 3054 secundi
2158 3028 2225 3070 ar-

1183 3076 1386 3128 gumenti,
1410 3076 1461 3115 de
1481 3076 1630 3126 majori
1651 3075 1943 3124 sollicitudine,
1964 3080 2140 3127 negatur
2159 3088 2223 3115 as-

1185 3142 1411 3190 sumptum,
1431 3137 1516 3177 sive
1535 3148 1624 3176 rem
1653 3136 1958 3176 consideremus
1988 3149 2038 3176 ex
2074 3149 2225 3188 genere

1186 3211 1275 3247 suo,
1291 3200 1434 3239 sivein
1456 3197 1709 3250 particulari,
1731 3206 1855 3250 prout
1876 3198 1921 3237 in
1938 3198 2139 3238 Societate
2158 3198 2224 3236 oh-

1187 3265 1386 3302 servatur.
1408 3261 1594 3300 Primum
1613 3260 1710 3298 satis
1725 3259 1976 3299 declaratum
1995 3264 2056 3299 est
2074 3260 2118 3297 in
2145 3258 2227 3296 dis-

1188 3336 1311 3364 cursu
1329 3324 1376 3362 D.
1396 3322 1582 3369 Thomae,
1605 3321 1676 3372 qui
1697 3321 1743 3360 in
1766 3322 1789 3360 3
1806 3334 1845 3373 p.
1853 3351 1865 3370 ,
1887 3326 2033 3372 quaest.
2054 3318 2227 3370 quadra-

1190 3385 1364 3437 gesima,
1399 3388 1478 3423 art.
1515 3382 1653 3426 tertio,
1700 3382 1844 3422 eadem
1882 3383 2040 3421 ratione
2083 3377 2236 3431 probat,

1191 3450 1379 3499 oportere
1392 3445 1680 3497 praedicatores
1695 3444 1812 3482 verbi
1824 3443 1893 3481 Dei
1911 3450 2109 3492 pauperes
2126 3447 2234 3489 esse,¹

1192 3508 1291 3561 quia
1309 3511 1357 3547 ut
1370 3511 1517 3547 vacent
1535 3505 1677 3552 verbo,
1694 3515 1856 3544 necesse
1886 3506 1946 3540 est
1976 3500 2126 3539 liberos
2145 3512 2232 3541 esse

165 3565 204 3604 8.
234 3563 300 3605 Ad
319 3566 528 3606 secundum
547 3566 644 3606 ibid.
662 3586 716 3596 —
734 3566 795 3605 Ad
815 3569 1036 3608 secundum
1068 3580 1142 3610 ne-
1194 3582 1220 3610 a
1237 3581 1378 3609 rerum
1413 3568 1673 3608 saecularium
1699 3576 1813 3610 cura,
1844 3560 1952 3612 quod
1987 3561 2121 3600 facere
2147 3573 2232 3600 non

113 3627 235 3679 gatur
251 3631 526 3680 assumptum,
535 3638 636 3670 nam
653 3627 790 3680 potius
801 3634 1017 3681 paupertas
1026 3632 1142 3671 omni
1195 3628 1480 3683 possunt‚{qui
1512 3625 1677 3667 divitias
1711 3622 1934 3675 possident.
1960 3621 2078 3668 Quod
2107 3620 2232 3662 etiam

336 3706 423 3738 xw.

1965 3690 2022 3729 48
