2352 3880
451 205 540 251 CAP.
563 205 617 239 lv.
641 203 896 239 COROLLARIA
916 203 1013 239 'rma
1034 205 1127 240 slva
1146 205 1446 242 CONCLUSIONES
1467 210 1522 245 Ex
1540 210 1786 254 PmNciPAm,
1805 210 1899 246 ETG.

122 270 178 314 ἰιι
194 270 360 313 defectu
375 274 567 313 votorum
581 283 593 319 ;
613 270 688 310 sed
707 270 750 318 hi
769 269 950 322 religiosi
969 271 1150 312 Societa-

121 333 176 374 tis
184 345 279 373 vere
295 345 341 374 se
353 333 534 380 tradunt,
554 334 595 372 et
609 331 841 383 perfectiori
859 332 984 372 modo
998 335 1148 372 etcum

120 395 226 434 votis
247 394 544 435 sufficientibus
567 393 620 432 ad
637 394 788 432 statum
801 393 1039 445 religiosum
1055 406 1150 434 con-

120 456 402 507 stituendum3
435 467 550 507 ergo.
573 455 791 502 Praeterea,
820 455 1045 524 Episcopus
1064 467 1150 495 non

120 522 258 569 potest
275 519 366 570 jure
383 516 590 557 ordinario
607 515 876 579 dispensar‘e
866 529 910 555 111
927 518 1032 557 votis
1055 516 1150 557 reli-

122 578 257 630 gionis
285 583 327 618 et
360 577 497 618 totalis
530 577 726 616 eastitatis
747 582 984 629 perpetuae;
1008 578 1082 618 sed
1106 577 1150 618 hi

121 640 304 691 religiosi
324 639 538 679 emittunt
527 650 730 690 imprimis
749 644 889 679 votum
909 641 1044 680 totalis
1064 652 1148 679 cas-

120 701 264 750 titatis,
285 705 327 740 et
343 705 542 752 praeterea
561 701 804 751 promittunt
824 702 984 753 ingredi
1011 701 1149 741 Socie-

120 751 250 803 tatem
280 762 524 814 professam,
547 775 638 814 quae
668 764 886 814 promissio
911 776 1057 804 revera
1086 766 1149 802 est

120 828 261 863 votum
282 824 506 875 religionis,
531 829 577 864 ut
596 825 718 864 etiam
742 827 996 866 declaratum
1014 827 1091 865 fuit
1106 826 1145 864 in

121 885 243 927 tertia
262 886 590 937 Congregatione
609 916 619 933 ‚
645 899 735 925 can.
758 889 800 936 2,
822 888 1063 938 diceturque
1091 887 1149 925 la-

121 947 204 986 tius
223 946 293 986 lib.
315 952 478 998 quarto,
501 959 592 998 cap.
616 947 776 986 decimo
804 953 918 987 sexto
936 953 975 987 et
989 949 1148 987 decimo

118 1009 327 1073 {septimm
350 1022 447 1061 ergo
480 1022 565 1049 11011
596 1014 732 1060 potest
758 1011 984 1060 Episcopus
1014 1011 1056 1048 in
1091 1010 1151 1048 eis

80 1095 84 1099 ·
118 1069 378 1121 dispensare.
399 1072 541 1122 Neque
561 1071 710 1118 obstat,
734 1071 767 1108 si
787 1071 877 1121 quis
902 1071 1153 1122 respondeat

119 1130 212 1184 „haec
237 1137 331 1170 vota
350 1132 562 1172 includere
589 1131 882 1178 conditionem,
905 1144 952 1171 ac
979 1132 1152 1183 proinde

123 1205 210 1233 non
230 1205 320 1232 esse
339 1197 563 1240 reservata,
584 1192 682 1243 quia
700 1197 813 1232 tomo
834 1194 1037 1245 superiori
1054 1194 1154 1233 dixi-

124 1266 218 1294 mus
236 1258 375 1293 votum
398 1254 595 1293 castitatis
627 1265 709 1292 non
747 1266 841 1294 esse
878 1259 1150 1302 reservatum,

124 1316 202 1356 nisi
224 1315 274 1354 sit
297 1314 530 1354 absolutum
551 1328 561 1362 ς
584 1317 859 1366 respondetur
879 1318 988 1355 enim
1011 1317 1154 1367 impri-

122 1377 200 1416 mis
217 1376 535 1427 promissionem
555 1377 665 1415 illam
686 1378 947 1429 ingrediendi
968 1379 1154 1418 Societa-

119 1429 203 1476 vtem
244 1437 471 1488 professam
509 1438 643 1476 solum
679 1439 894 1480 includere
946 1439 1152 1479 conditio-

122 1509 217 1538 nem
239 1497 373 1547 hanc‚
406 1498 460 1540 Si
492 1499 584 1550 ipsa
619 1500 800 1541 Societas
836 1502 1005 1542 voluerit
1035 1502 1153 1541 illum

123 1559 328 1600 admittere
345 1577 362 1607 ,·
395 1560 504 1600 hanc
537 1564 677 1600 autem
711 1563 991 1602 conditionem
1028 1563 1153 1613 plane

121 1620 292 1660 includit
321 1634 443 1661 omne
465 1626 609 1662 votum
630 1623 841 1674 religionis
861 1637 871 1670 ;
895 1629 956 1663 est
977 1636 1076 1675 ergo
1106 1623 1155 1661 il-

121 1682 195 1722 lud
225 1687 311 1722 tam
347 1684 586 1724 absolutum
610 1690 752 1724 votum
779 1686 1005 1737 religionis,
1030 1696 1155 1736 quam

120 1740 214 1784 'esse
233 1749 382 1796 potest.
402 1747 461 1784 De
482 1750 576 1785 voto
597 1751 735 1785 autem
757 1748 956 1786 castitatis
975 1747 1154 1786 fatemur

123 1817 208 1845 non
233 1806 419 1845 absolute
441 1807 545 1855 fieri,
569 1808 642 1846 sed
669 1810 716 1846 ut
746 1819 953 1847 annexum
974 1808 1044 1846 tali
1076 1811 1154 1846 sta-

122 1866 206 1914 tui,
229 1871 269 1907 et
295 1867 389 1907 ideo
419 1867 632 1907 includere
653 1869 821 1908 tacitam
842 1869 1155 1908 determinatio-

120 1922 244 1977 nem,
279 1928 370 1968 dam
395 1928 461 1969 ille
488 1933 622 1970 status
654 1931 875 1972 duraverit.
906 1931 982 1970 Hic
1013 1934 1155 1970 autem

122 1993 251 2028 status
272 1994 334 2028 est
354 1990 522 2029 omnino
541 1995 655 2030 extra
669 1997 916 2042 potestatem
937 1992 1152 2043 Episcopi3

120 2062 220 2115 prgo
242 2054 283 2090 et
300 2056 442 2091 votum
463 2064 545 2103 quo
574 2054 850 2102 constituitur,
872 2067 947 2093 seu
967 2054 1080 2105 quod
1098 2053 1155 2093 illi

121 2124 328 2153 annexum
351 2116 426 2154 est.
447 2114 632 2154 Tandem
653 2116 714 2154 hae
733 2128 922 2167 personae
953 2120 1048 2155 sunt
1070 2127 1157 2155 om-

120 2163 219 2215 'nino
260 2180 374 2215 extra
400 2177 733 2227 jurisdictionem
760 2179 1074 2230 Episcopomm,
1107 2181 1155 2217 ut

120 2224 212 2308 :est
196 2237 483 2276 notissimum.
471 2240 487 2266 ⁴?
505 2239 713 2289 quomodo
731 2251 829 2292 ergo
846 2244 1019 2310 possunt
1038 2239 1155 2291 Epis-

121 2298 217 2365 ,copi
236 2310 379 2338 eorum
399 2303 549 2338 statum
566 2305 744 2350 mutare,
760 2302 860 2341 aut
850 2315 893 2342 in
910 2314 1055 2342 eorum
1082 2312 1155 2341 vo-

121 2342 181 2401 tis
202 2360 474 2411 dispensare?

176 2423 242 2461 23.
282 2422 478 2462 Ultimum
511 2423 676 2466 illatum
693 2455 705 2474 ,
738 2437 888 2477 necans
917 2424 1155 2467 commutari

123 2494 236 2535 posse
253 2487 344 2523 eota
366 2484 410 2522 in
432 2484 558 2524 seculo
581 2488 712 2536 facta,
734 2488 779 2526 in
799 2491 891 2527 vota
912 2487 1155 2527 scholarium

124 2542 359 2592 ‘Societatiz
380 2545 572 2597 duplicem
597 2559 755 2588 sensum
777 2548 903 2589 habet.
924 2570 973 2577 -
995 2548 1150 2587 Primo.

124 2600 176 2635 ’-
190 2605 384 2646 Secundo.
400 2629 452 2635 ——
465 2607 592 2647 Prior
608 2620 763 2658 sensus,
783 2622 931 2662 ize-qam·
946 2609 1156 2662 propriam

124 2667 477 2715 commutationem,
494 2669 770 2721 impaqnatar.
792 2693 840 2700 —
858 2671 1009 2711 Ultima
1026 2670 1152 2709 illatio

123 2727 222 2767 dicti
241 2730 538 2780 oppugnatoris
561 2735 758 2777 erat‚n0n
772 2744 895 2783 posse
916 2736 1012 2771 vota
1035 2731 1078 2770 in
1091 2742 1152 2770 se-

122 2789 217 2842 culo
236 2788 343 2828 facta
360 2790 402 2828 in
424 2791 510 2830 haec
527 2793 604 2830 tria
622 2797 716 2832 vota
741 2794 992 2832 scholarium
1015 2793 1151 2833 Socie-

123 2852 234 2899 tatis,
253 2864 327 2890 seu
347 2855 496 2892 statum
515 2854 680 2893 illorum
698 2855 955 2895 commutari.
973 2856 1070 2894 Haec
1081 2865 1151 2894 ve-

124 2925 171 2953 ro
182 2914 403 2965 propositio
422 2915 626 2966 duplicem
640 2921 776 2968 potest
790 2918 944 2957 habere
963 2929 1147 2957 sensum.

123 2973 239 3040 ¹Unus
269 2978 344 3023 est,
374 2976 496 3016 etiam
516 2990 591 3028 per
618 2979 788 3018 modum
815 2979 1150 3019 commutationis

123 3026 209 3074 'non
228 3048 350 3087 posse
371 3049 419 3076 ex
441 3038 669 3080 intentione
700 3041 916 3092 ipsiusmet
944 3041 1147 3089 voventis,

127 3096 188 3134 vel
208 3108 257 3136 ex
287 3098 491 3138 ordinaria
511 3105 713 3152 potestate
735 3102 896 3142 confess
882 3114 1053 3151 sorum,
1078 3105 1150 3141 aut

102 3153 389 3198 xrraeiatorum
407 3161 629 3210 Societatis‚
659 3163 938 3214 praecedentia
976 3167 1071 3202 vota
1104 3163 1149 3201 in

115 3214 216 3274 {liaec
235 3222 487 3260 commutari.
512 3223 626 3263 Alius
648 3229 732 3274 est,
757 3225 868 3264 hunc
899 3225 1147 3276 ingressum,

117 3276 204 3316 'seu
224 3276 589 3330 incorporationem
608 3286 650 3324 in
662 3287 880 3335 Societate‚
898 3299 980 3326 non
996 3285 1150 3325 habere

126 3339 211 3378 vim
248 3340 511 3392 extinguendi
543 3348 678 3387 omnia
712 3349 990 3400 praecedentia
1024 3351 1119 3387 vota
1134 3377 1149 3397 ,

127 3411 255 3452 quam
276 3402 401 3442 habet
426 3403 624 3454 professio
642 3420 737 3448 cum
754 3411 859 3450 votis
878 3409 1147 3450 solemnibus

104 3460 244 3523 §Prior
259 3475 418 3511 sensus,
436 3464 672 3516 simpliciter
683 3469 907 3521 loquendo
927 3472 1058 3512 falsus
1074 3474 1150 3516 est,

128 3521 232 3561 etita
250 3535 337 3575 repi
330 3525 399 3563 v-‚ol
405 3529 495 3564 itui
507 3539 528 3564 a
543 3527 738 3579 Gregorio
757 3532 857 3578 XIII,
876 3533 1062 3572 dicente:
1079 3531 1153 3570 In-

127 3593 247 3636 super
265 3591 448 3628 asserant
463 3599 539 3628 non
551 3601 669 3641 posse
686 3594 776 3632 vota
791 3593 928 3646 aliqua
951 3595 998 3635 iu
1023 3592 1152 3634 seculo

334 3665 418 3697 XVI·

1200 272 1348 313 omissa
1380 273 1426 313 in
1462 274 1547 315 tria
1578 276 1660 318 aoec
1689 275 1976 319 substantialia
2005 254 2233 320 iss'ocietatie¹

1202 334 1458 383 commutari,
1479 346 1567 375 cum
1586 341 1716 378 tamen
1740 340 1821 381 Iioec
1851 342 1942 379 vota
1969 338 2056 380 sint
2077 319 2234 390 καινὴ,

1199 398 1247 436 ut
1262 398 1500 447 praefertur,
1518 396 1700 448 reliyiosi
1718 400 1811 440 adeo
1830 401 1950 442 utilis
1978 404 2017 443 et
2041 402 2234 453 perfect&

1202 460 1248 497 ut
1268 457 1377 498 iZZa'
1360 470 1404 496 in
1418 458 1500 498 Iioec
1512 459 1696 509 possent,-
1716 459 1797 499 Iioec
1815 473 1903 501 vero
1922 463 1968 502 in
1984 463 2152 504 aliorum
2169 475 2232 504 or-

1201 520 1338 560 dinum
1356 518 1474 560 etiam
1493 521 1685 560 solemnia
1702 524 1793 561 vota
1811 527 2070 575 commutari,
2101 527 2159 567 sit
2184 525 2234 566 ab

1202 582 1275 622 hac
1303 580 1406 622 Sede
1419 581 1552 632 justis
1580 582 1625 621 de
1642 580 1774 621 causis
1791 580 2055 626 interdictam.
2075 587 2122 626 In
2141 579 2237 638 qui-

1202 642 1281 682 bus
1313 642 1449 682 verbis
1491 642 1597 682 (11110-
1614 643 1797 682 rationes
1827 643 2074 686 indicantur.
2098 647 2237 688 Prima

1204 708 1424 744 estzverus
1443 708 1574 744 status
1596 703 1825 756 religionis,
1846 708 1887 743 et
1901 707 2128 755 praesertim
2147 713 2233 748 tam

1201 765 1409 817 perfectus
1427 795 1440 814 ,
1470 765 1618 804 melior
1642 769 1719 814 est,
1744 769 1784 804 et
1804 766 1960 817 gratior
1977 767 2082 814 Deo,
2107 780 2236 818 quam

1204 827 1466 866 observantia
1489 826 1709 878 cujuslibet
1726 826 1807 865 voti
1828 827 1870 865 in
1897 827 2037 866 seculo
2064 830 2233 878 emissi;

1202 889 1278 928 sed
1299 889 1383 927 haec
1401 892 1494 927 vota
1514 889 1768 927 constituunt
1783 888 1912 926 talem
1934 892 2085 928 statum
2103 902 2112 936 ;
2138 902 2236 942 ergo

1204 950 1247 989 in
1265 950 1333 988 illa
1347 952 1521 1000 possunt
1538 949 1730 1000 quaelibet
1748 953 1844 988 vota
1863 950 1993 988 seculi
2009 956 2238 991 commuta-

1205 1013 1254 1052 ri.
1276 1013 1365 1052 Alia
1390 1013 1495 1052 ratio
1521 1017 1583 1052 est
1604 1025 1627 1051 a
1647 1012 1882 1063 posteriori,
1901 1024 1974 1052 seu
2005 1013 2177 1054 fundata
2198 1016 2240 1054 in

1203 1074 1359 1126 judicio
1395 1074 1511 1114 Sedis
1547 1075 1819 1125 Apostolicae3
1848 1086 1948 1113 nam
1979 1079 2075 1115 vota
2110 1077 2239 1116 seculi

1207 1139 1380 1187 possunt
1409 1136 1655 1174 commutari
1673 1136 1714 1174 in
1733 1139 1829 1174 vota
1848 1136 2050 1175 solemnia
2075 1137 2241 1189 religio-

1207 1198 1295 1243 nis;
1318 1197 1391 1236 sed
1410 1198 1498 1236 haec
1516 1202 1607 1236 vota
1626 1197 1837 1237 Societatis
1866 1198 2049 1248 judicata
2083 1204 2180 1238 sunt
2217 1212 2243 1239 a

1207 1260 1313 1299 Sede
1354 1259 1589 1310 Apostolica
1622 1259 1727 1298 adeo
1754 1259 1950 1310 perfecta,
1989 1264 2034 1298 ut
2068 1262 2244 1301 vetuerit

1207 1320 1278 1359 illa
1313 1320 1354 1358 in
1395 1321 1597 1359 solemnia
1634 1320 1806 1359 alterius
1838 1321 2068 1371 religionis,
2092 1327 2245 1373 praeter

1206 1381 1483 1429 Cartliusiam,
1501 1382 1747 1420 commutari
1764 1411 1775 1429 ‚
1796 1385 1836 1421 et
1855 1386 2162 1432 consequenter
2176 1383 2245 1423 illa

1207 1446 1254 1481 ut
1293 1444 1410 1492 paria
1448 1442 1502 1480 ad
1552 1441 1771 1481 minimum
1818 1443 2105 1491 aestimaverit;
2144 1456 2244 1496 ergo

1208 1503 1332 1543 etiam
1370 1503 1440 1542 illa
1470 1503 1668 1554 judicavit
1702 1504 1814 1552 talia,
1837 1508 1884 1544 ut
1912 1504 1958 1544 in
1984 1505 2054 1545 illa
2086 1506 2246 1557 possint

1207 1569 1303 1604 vota
1333 1564 1461 1604 seculi
1494 1566 1755 1606 commutari.

1261 1627 1328 1665 24.
1358 1625 1597 1667 Notationes
1605 1638 1678 1677 pro
1695 1627 1932 1668 enucleanda
1948 1629 2056 1671 dicta
2075 1642 2245 1671 commu-

1211 1687 1372 1728 tatione.
1389 1708 1442 1716 —
1455 1687 1553 1729 Vota
1572 1689 1616 1726 in
1638 1689 1766 1728 seculo
1784 1688 2124 1740 incompossibilia
2142 1692 2245 1732 votis

1209 1749 1454 1788 scholarium
1487 1748 1711 1789 Societalis
1735 1762 1808 1800 per
1834 1751 1917 1791 Izoec
1937 1750 2021 1802 ipso
2034 1752 2131 1803 jare
2159 1765 2246 1794 sus-

1204 1810 1448 1861 penduntur.
1468 1830 1522 1838 —
1544 1810 1651 1856 Quid
1683 1811 1728 1850 de
1751 1812 1856 1850 votis
1891 1814 2247 1864 compossibilibas.

1209 1891 1263 1900 —
1282 1871 1379 1909 Haec
1397 1874 1536 1909 autem
1553 1871 1644 1921 ipsa
1666 1873 1934 1912 commutatio
1965 1874 2128 1914 duobus
2160 1888 2247 1916 mo-

1210 1931 1274 1972 dis
1294 1932 1465 1983 intelligi
1487 1936 1634 1983 potest.
1666 1932 1816 1981 Primo,
1846 1938 1890 1973 ut
1916 1935 2006 1986 ipso
2030 1936 2125 1986 jure
2158 1934 2249 1986 fiat,

1211 1999 1263 2034 e'x
1276 1994 1514 2042 intrinseca,
1538 1994 1710 2042 scilicet,
1730 1995 1769 2033 vi
1787 1995 1933 2034 talium
1954 2001 2160 2048 votorum,
2180 2000 2247 2039 vel

1210 2059 1321 2095 certe
1344 2068 1393 2095 ex
1411 2056 1549 2106 aliquo
1567 2057 1781 2107 privilegio
1813 2058 1932 2108 juris.
1958 2059 2166 2108 Secundo,
2201 2065 2249 2102 ut

1209 2117 1282 2157 fiat
1303 2130 1351 2157 ex
1372 2118 1602 2157 intentione
1622 2118 1751 2169 ipsius
1771 2120 1975 2167 voventis,
2002 2122 2072 2172 qui
2093 2135 2248 2173 praece-

1208 2179 1350 2218 dentia
1364 2184 1459 2218 vota
1474 2180 1561 2218 vult
1575 2180 1616 2217 in
1637 2179 1726 2218 haec
1742 2181 1820 2219 tria
1834 2187 2105 2222 commutare.
2127 2185 2247 2224 Dein-

1208 2240 1262 2280 de
1284 2245 1419 2291 potest
1439 2241 1614 2292 intelligi
1644 2241 1734 2281 haec
1763 2245 2030 2284 commutatio
2062 2246 2129 2285 vel
2149 2246 2247 2286 sim-

1207 2302 1383 2354 pliciter,
1404 2303 1470 2342 vel
1491 2303 1721 2342 secundum
1756 2304 1871 2354 quid.
1906 2306 2156 2357 Simpliciter
2175 2320 2246 2361 ap-

1207 2363 1334 2415 pello,
1356 2364 1523 2414 quando
1538 2365 1676 2415 priora
1691 2369 1784 2404 vota
1806 2367 1975 2407 omnino
1998 2370 2245 2421 extinguun-

1207 2429 1301 2474 tur3
1339 2426 1566 2464 secundum
1601 2426 1716 2477 quid,
1751 2428 1920 2477 quando
1959 2433 2122 2470 tantum
2155 2445 2245 2472 sus-

1207 2486 1459 2537 penduntur.
1499 2487 1656 2527 Deinde
1695 2501 1886 2539 suppono
1927 2492 2120 2541 quaedam
2151 2506 2243 2535 esse

1207 2551 1302 2586 vota
1319 2547 1595 2598 praecedentia
1621 2548 1732 2588 hunc
1768 2554 1936 2598 statum,
1967 2564 2144 2603 quorum
2171 2555 2245 2594 ob-

1208 2609 1416 2647 servantia
1435 2613 1642 2660 repugnat
1663 2610 1733 2648 tali
1763 2611 1887 2649 statui
1908 2615 1948 2651 et
1966 2614 2245 2656 observationi

1208 2671 1312 2721 eJus,
1333 2674 1458 2721 atque
1478 2671 1530 2709 de
1553 2671 1616 2710 his
1636 2671 1746 2710 nulla
1782 2676 1844 2712 est
1878 2673 2112 2724 difficultas,
2141 2677 2246 2728 quin

1206 2732 1352 2771 saltem
1376 2734 1686 2783 suspendantur
1708 2746 1760 2773 ex
1779 2735 1819 2773 vi
1839 2735 1931 2774 talis
1961 2741 2091 2777 status
2111 2743 2152 2778 et
2171 2740 2244 2779 ho-

1205 2805 1299 2834 rum
1327 2798 1518 2833 votorum
1546 2796 1735 2846 quamvis
1762 2796 2037 2847 simplicium3
2056 2803 2098 2839 et
2130 2801 2243 2851 quod

1204 2856 1292 2895 haec
1310 2861 1403 2895 vota
1422 2857 1531 2897 licite
1552 2862 1592 2898 et
1609 2863 1751 2898 sancte
1771 2859 1887 2906 fiant,
1909 2865 1949 2899 et
1983 2862 2243 2902 consulenda

1205 2918 1288 2958 sint
1307 2918 1412 2967 fieri,
1446 2932 1532 2958 non
1569 2921 1830 2960 obstantibus
1851 2921 1940 2961 aliis
1963 2924 2068 2962 votis
2090 2936 2243 2975 praece-

1205 2979 1399 3020 dentibus
1418 2994 1429 3028 ;
1453 2994 1551 3021 nam
1568 2983 1707 3034 quoad
1733 2983 1811 3021 hoc
1839 2983 1926 3022 haec
1945 2989 2040 3024 vota
2060 2986 2242 3038 aequipa-

1203 3045 1350 3081 rantur
1368 3043 1628 3094 professioni,
1642 3045 1739 3095 quia
1757 3049 1797 3084 et
1814 3046 2068 3086 constituunt
2088 3052 2240 3087 statum

1204 3104 1256 3144 de
1277 3117 1320 3143 se
1344 3111 1607 3157 perpetuum,
1638 3111 1679 3147 et
1695 3107 1815 3146 valde
1851 3108 2096 3159 perfectum,
2121 3111 2240 3162 cujus

1204 3166 1467 3207 observantia
1486 3168 1609 3221 longe
1627 3169 1762 3220 majus
1782 3169 1937 3208 bonum
1964 3175 2025 3210 est
2046 3184 2170 3222 quam
2188 3172 2240 3210 sit

1207 3230 1395 3267 executio
1435 3230 1609 3269 aliorum
1629 3236 1835 3271 votorum.
1866 3233 1983 3280 Item,
2011 3233 2105 3283 quia
2141 3233 2239 3271 talia

1205 3293 1301 3328 vota
1322 3292 1633 3342 suspenduntur
1650 3292 1739 3343 ipso
1755 3293 1850 3344 jure
1874 3305 1950 3344 per
1970 3295 2148 3344 primum
2176 3293 2240 3331 iu-

1205 3362 1395 3402 gressum
1419 3354 1644 3405 religionis,
1675 3354 1798 3392 etiam
1822 3366 1895 3405 per
1916 3355 2172 3400 novitiatum,
2194 3356 2239 3392 ut

1205 3412 1250 3451 in
1270 3413 1382 3453 tomo
1415 3416 1617 3467 superiori
1654 3416 1934 3461 ostendimus;
1971 3426 2071 3464 ergo
2108 3414 2238 3454 multo

1206 3475 1340 3526 magis
1360 3478 1668 3528 suspendentur
1704 3490 1777 3530 per
1808 3479 1959 3515 statum
1995 3474 2237 3526 religiosum

1206 3535 1286 3575 1llis
1303 3538 1434 3578 trihus
1448 3540 1552 3579 votis
1583 3539 1806 3578 firmatum.
1841 3538 1905 3575 An
1932 3547 2030 3575 vero
2067 3537 2237 3577 omnino

1208 3597 1333 3638 etiam
1351 3601 1608 3650 auferantur,
1637 3599 1776 3640 statim
1807 3596 1967 3637 dicetur
1984 3596 2026 3636 in
2045 3609 2162 3639 num.
2181 3598 2239 3640 vi-

1968 3667 2027 3707 43
