2352 3880
69 398 74 404 Ι
112 380 116 384 ,
136 368 144 378 ο
165 377 166 381 ,
186 349 195 359 ·
248 346 365 400 quod
380 346 635 387 scholaribus
649 347 708 387 ita
722 349 821 386 sunt
833 345 1003 386 definita
1011 343 1095 397 spi-

118 409 226 453 din
255 409 449 449 exercitia
476 411 520 449 et
549 411 739 459 tempora
767 418 927 454 eorum,
944 409 1091 459 quarta

56 467 553 538 μ’ῗιὺοὒοῐιεῐίωῑὶοηιιω,
574 481 663 520 cap.
685 472 845 520 quarto,
868 468 970 508 etin
989 467 1091 507 Gon·-

58 531 297 593 ''agatione
324 531 459 583 prima
483 529 682 581 generali,
709 528 874 569 decreto
893 530 963 579 97,
986 532 1030 569 et
1045 527 1092 568 in

55 593 254 654 munda,
266 592 428 632 decreto
447 592 515 639 29,
529 591 630 630 etin
646 594 808 643 quarta,
824 591 988 631 decreto
999 591 1040 639 5,
1053 592 1094 629 et

19 657 39 699 i
60 654 151 707 ffl-
171 655 213 703 6,
233 658 280 693 ut
298 653 385 692 sine
401 651 596 691 facultate
624 651 890 703 Superiorum
905 651 1011 691 nihil
1034 650 1093 691 eis

29 722 37 764 ἲ
60 716 208 761 fidere
232 714 387 767 possint
399 727 411 762 ς
430 713 542 765 quod
561 713 708 752 merito
727 713 785 752 ita
805 714 1093 765 praescriptum

28 799 38 817 η
50 781 134 826 -u,
143 781 232 816 tum
243 778 408 827 propter
428 774 654 813 studiorum
670 774 845 824 labores,
862 779 952 814 tum
968 774 1094 814 etiam

29 860 37 881 ι,
61 839 156 894 fluia
172 838 216 877 in
234 848 284 876 eo
303 840 412 875 statu
431 836 616 874 nondum
632 843 918 887 supponuntur
934 836 1036 875 adeo
1048 835 1094 874 in

31 940 36 942 ,
60 899 181 947 ”bus
201 897 482 950 spiritualibus
503 897 713 936 exercitati
729 927 742 946 ,
768 902 815 936 ut
830 897 908 937 hoc
925 897 1094 936 illorum

61 960 229 1005 arbitrio
250 958 592 998 committendum
617 959 702 1007 sit;
729 962 774 997 at
803 969 900 998 vero
925 956 1094 1010 professi

59 1033 143 1068 non
154 1021 308 1060 habent
325 1032 374 1059 ex
387 1020 530 1071 regula
544 1020 657 1059 illam
671 1019 1005 1071 prohibitionem,
1020 1017 1093 1058 sed

60 1084 194 1140 potius
205 1082 439 1135 generalem
450 1082 672 1130 licentiam,
689 1082 752 1120 vel
765 1082 888 1120 etiam
901 1080 1093 1119 exhorta-

30 1152 33 1153 ’
58 1146 213 1198 tionem
228 1173 242 1192 ,
276 1148 324 1183 ut
355 1143 609 1195 frequentius
637 1143 682 1181 in
708 1142 774 1180 his
809 1140 1094 1192 spiritualibus

60 1206 250 1260 operibus
267 1209 536 1245 exerceantur
549 1235 562 1254 ,
584 1204 681 1256 quia
702 1215 845 1242 eorum
864 1202 1093 1242 ministeria

58 1272 100 1309 ot
118 1271 244 1307 status
263 1268 340 1306 hoc
358 1267 588 1318 requirunt.
604 1266 704 1304 Vide
722 1267 894 1313 Bonav.,
910 1265 954 1303 in
973 1265 1090 1315 Spec.

58 1329 282 1379 disciplin„
310 1340 402 1379 cap.
430 1328 589 1366 decimo
615 1327 764 1375 terti03
794 1327 942 1365 citatur
966 1326 1091 1365 etiam

59 1390 200 1432 similis
216 1390 402 1428 doctrina
420 1389 598 1428 revelata
618 1388 837 1427 Pachomio
858 1387 1021 1435 Abbati,
1042 1386 1094 1426 ab

59 1450 217 1500 Angelo
235 1450 314 1489 sibi
333 1450 519 1501 regulam
539 1450 726 1489 tradente
749 1480 758 1496 ,
787 1449 896 1501 apud
917 1448 1091 1496 Pallad„

57 1512 103 1554 in
120 1512 288 1561 Hister„
307 1523 395 1563 cap.
414 1512 627 1561 trigesimo
641 1515 800 1557 octavo,
817 1522 940 1561 quem
957 1510 1094 1549 locum

57 1574 246 1615 invenire
277 1586 363 1613 non
393 1574 522 1625 potui,
553 1585 629 1612 nec
654 1573 700 1612 in
730 1572 901 1621 Pallad.,
932 1576 1045 1611 tomo
1071 1571 1094 1611 7

58 1635 272 1686 Biblioth.,
301 1647 378 1676 nec
405 1635 450 1674 in
476 1635 563 1676 vita
590 1634 816 1682 Pachumii,
848 1634 959 1687 apud
984 1634 1094 1684 Sur„

57 1701 172 1739 ‘inmo
188 1698 230 1737 3.

111 1759 154 1799 4.
177 1760 238 1799 De
254 1757 439 1799 exercitio
460 1758 713 1798 eoeaminandi
732 1756 1028 1807 conscientiam,
1044 1776 1098 1787 —

60 1819 113 1860 Ut
124 1824 261 1859 antem
273 1820 348 1858 hoc
360 1819 491 1870 magis
510 1819 747 1870 explicetur,
765 1831 900 1871 operae
917 1820 1095 1869 pretium

59 1881 138 1923 erit
163 1881 215 1919 ad
238 1880 498 1931 particularia
513 1892 649 1931 opera,
675 1892 768 1931 quae
789 1882 833 1918 in
853 1880 930 1918 hoc
945 1892 1096 1930 genere

57 1940 236 1983 Societas
258 1944 432 1989 exercet,
451 1941 695 1979 descendere
716 1951 727 1987 ;
749 1945 845 1979 sunt
874 1941 984 1979 enim
1015 1941 1095 1979 tria

60 2013 211 2056 genera
242 2003 392 2041 horum
429 2013 620 2053 operum,
654 2002 810 2040 scilicet
844 2002 1095 2040 examinatio

61 2065 332 2112 conscientiae,
350 2063 468 2101 lectio
485 2063 722 2113 spiritualis,
745 2063 876 2102 oratio
890 2063 1093 2110 mentalis,

52 2125 135 2167 >sub
151 2137 232 2176 qua
247 2124 459 2163 meditatio
473 2132 512 2162 et
526 2124 815 2174 contemplatio
833 2123 1096 2174 comprehen-

60 2186 229 2235 duntur,
247 2185 297 2224 de
312 2185 458 2236 quibus
470 2184 674 2236 praedictae
685 2184 837 2234 regulae
852 2184 1094 2234 loquuntur:

59 2248 203 2300 regula
220 2248 353 2299 prima
373 2259 423 2285 ex
443 2246 746 2293 communibus,
768 2250 807 2284 et
826 2246 869 2284 in
893 2246 989 2285 dict.
1002 2258 1037 2284 c.
1055 2247 1095 2295 3,

62 2314 172 2350 sexta
206 2313 322 2360 parte
348 2308 707 2355 Constitutionum,
729 2306 753 2358 ξ
773 2309 812 2354 2,
833 2306 906 2356 ibi,
928 2308 1094 2356 orandi,

61 2371 294 2418 meditandi,
311 2373 350 2410 et
368 2369 546 2420 hyemali,-
560 2373 599 2407 et
619 2368 643 2420 ξ
663 2371 710 2407 11
731 2379 743 2407 2
771 2369 948 2410 Utantur
968 2370 1099 2422 quoti-

62 2431 124 2476 die
156 2444 241 2473 suoe
275 2432 525 2472 conscientiae
557 2430 849 2471 emaminacione
862 2447 879 2477 ;
908 2435 950 2470 et
985 2435 1101 2483 parte

61 2479 263 2546 quarta‚§
284 2493 325 2541 3,
357 2491 522 2531 additur
538 2495 585 2529 ut
603 2490 666 2530 bis
697 2491 784 2529 fiat.
809 2492 964 2543 Itaque,
990 2491 1100 2542 quod

62 2554 115 2596 ad
133 2555 312 2606 primum
329 2552 569 2592 exercitium
602 2551 867 2591 examinandi
886 2553 1098 2592 conscien-

60 2614 164 2656 ¹tiam
198 2615 386 2666 pertinet,
408 2617 602 2653 tenentur
621 2614 748 2652 nostri
768 2615 946 2665 religiosi
965 2626 1016 2654 ex
1035 2626 1098 2654 re-

63 2676 162 2730 gula
171 2675 233 2714 his
247 2676 292 2715 in
305 2676 388 2724 die,
402 2675 575 2715 meridie
589 2675 757 2722 scilicet,
775 2680 815 2715 et
832 2680 970 2725 noctu,
985 2681 1098 2716 utro-

65 2736 147 2792 que
162 2737 209 2777 in
225 2740 410 2789 tempore
433 2748 506 2789 per
518 2737 790 2788 quadrantem
806 2737 847 2776 id
860 2742 1050 2789 praestare
1067 2737 1098 2789 ¹3

66 2808 199 2852 neque
230 2800 337 2839 circa
356 2799 435 2838 hoc
456 2798 612 2850 aliquid
632 2800 862 2851 specialiter
894 2804 1100 2839 annotan-

69 2858 168 2902 dum
190 2860 258 2900 hic
273 2860 452 2900 occurrit
470 2873 481 2908 ;
502 2872 600 2899 nam
632 2872 725 2912 quae
743 2860 794 2900 de
813 2861 891 2900 hoc
909 2865 1099 2901 examine

69 2920 147 2964 dici
168 2926 352 2975 possunt,
373 2923 625 2962 commodius
642 2923 750 2962 libro
771 2925 971 2974 sequenti,
989 2929 1098 2964 trac·-

58 2980 191 3031 {tundo
205 2985 256 3023 de
269 2985 469 3023 exercitiis
478 2984 772 3036 spiritualibus,
788 2985 1097 3036 explicabimus,

69 3043 142 3085 uhi
162 3045 288 3085 etiam
316 3045 368 3085 de
388 3044 470 3084 alio
496 3046 686 3085 examine
706 3046 817 3096 quod
839 3048 883 3085 in
901 3046 1102 3087 Societate

68 3102 160 3151 fleri
181 3107 406 3155 consuevit,
422 3111 467 3148 et
481 3107 731 3159 particulare
749 3112 936 3158 vocatur,
948 3109 1103 3161 aliquid

60 3166 283 3226 {hddemus

123 3229 166 3268 ὃ.
191 3229 252 3269 De
264 3229 452 3269 exercitio
473 3228 651 3271 lectionis
670 3229 922 3282 spiritualis,
942 3233 981 3272 et
995 3241 1107 3283 prce·-

28 3340 33 3343 ⁴
68 3291 281 3357 'paratione
292 3290 346 3329 ad
362 3290 568 3329 orandum.
579 3291 756 3338 ——Quod
773 3303 870 3331 vero
887 3295 1039 3343 spectat
1050 3293 1104 3333 ud

71 3349 315 3406 secumdum,
333 3348 454 3388 lectio
470 3349 689 3400 spiritualis
706 3353 750 3391 in
763 3352 839 3392 hoc
851 3356 960 3391 statu
974 3354 1105 3394 maxi—

30 3458 33 3459 ,
74 3406 144 3463 {ine
162 3410 387 3450 necessaria
397 3413 472 3458 est,
496 3413 585 3449 tum
601 3416 766 3463 propter
777 3413 1102 3464 meditationem,

74 3468 190 3524 ῇμη,
210 3475 258 3512 ut
269 3471 518 3520 Ber-nardus,
540 3474 660 3511 uact.
681 3474 875 3524 praeced„
893 3474 924 3515 l.
942 3476 984 3525 1,
1005 3487 1046 3516 c.
1059 3476 1107 3527 ὅ,

79 3559 155 3645 ἷζε
167 3587 454 3642 aenaeam
472 3591 569 3632 vita
583 3593 627 3633 S.
645 3591 752 3646 ign„
768 3594 843 3636 m».
864 3597 907 3646 s,
925 3605 963 3638 ο.
981 3599 1023 3639 1.

30 3819 171 3880 a
494 3855 520 3880 .

119 254 122 258 ,
145 252 156 272 ,7
171 247 173 251 .
271 255 274 260 ,
461 220 556 256 (ΞΑΡ.
576 220 606 257 1.
627 220 684 256 ΑΝ
702 219 759 256 m·
770 217 977 262 ommuni
991 213 1185 254 mm
1199 216 1407 255 nmmos!
1425 216 1676 261 SOOEHAUS,
1692 216 1787 256 ΕΝ.

88 292 94 297 ⁷
167 279 402 331 differentia
413 285 524 326 inter
535 285 736 338 professos
746 288 791 325 et
804 283 1008 324 scholares
1019 282 1094 324 So-
1146 290 1194 324 n.
1221 284 1286 331 15,
1313 283 1480 333 relatus,
1510 283 1634 334 dixit,
1652 281 1866 325 meditatio
1885 280 1975 324 sine
1999 280 2182 327 lectione

2095 212 2184 258 ⁹2⁷

1146 345 1276 385 errori
1296 345 1482 397 exposita
1508 350 1569 386 est
1579 356 1596 398 ;
1623 350 1712 387 tum
1735 350 1902 399 propter
1929 343 2185 397 spiritualem

1146 405 1328 446 fructum
1344 416 1469 457 quem
1483 405 1573 457 ipsa
1589 418 1665 459 per
1680 418 1770 447 sese
1787 407 1890 447 solet
1905 406 2065 457 afferre,
2082 407 2185 460 quia

1145 469 1188 504 ct
1206 466 1258 506 ad
1277 466 1600 506 illuminandum
1617 468 1889 518 intellectum,
1913 471 1954 509 et
1971 468 2024 509 ad
2042 470 2187 510 accen-¹

1144 526 1327 567 dendum
1347 526 1541 567 affectum
1565 528 1686 568 valde
1712 529 1826 568 utilis
1845 533 1932 578 est3
1959 533 2049 570 tum
2067 520 2186 570 deni4

1146 601 1227 641 que
1250 593 1418 641 propter
1446 589 1561 628 alios.
1584 590 1688 629 Nam
1719 600 1815 629 cum
1841 591 1971 630 nostri
2002 590 2185 644 religiosi

1146 651 1354 703 proximos
1377 650 1552 690 debeant
1569 649 1621 689 ad
1651 649 1846 689 virtutem
1873 652 2067 702 excitare,
2100 663 2187 693 eos*-

1145 725 1227 765 que
1243 713 1461 762 instruere,
1481 716 1524 752 et
1545 699 1755 751 interdum
1775 711 1902 751 etiam
1928 712 1974 752 in
1994 714 2188 765 spiritua-

1146 773 1256 813 libus
1276 774 1471 825 dirigere,
1504 785 1668 813 necesse
1685 776 1748 813 est
1777 776 1825 811 ut
1844 773 2032 812 Doctores
2052 785 2188 815 sacros

1146 835 1354 882 evolvant,
1375 848 1401 874 a
1418 835 1568 886 quibus
1580 835 1723 874 lumen
1735 834 1952 885 accipiant.
1967 835 2187 875 Sciendum

1147 899 1210 937 cst
1237 897 1348 936 enim
1380 896 1620 948 hujusmodi
1652 896 1868 936 lectionem
1894 895 2103 935 interdum
2135 897 2189 937 ad

1146 958 1379 1011 proprium,
1394 958 1603 997 interdum
1618 957 1670 996 ad
1687 956 1864 996 aliorum
1880 956 2107 1008 profectum
2124 968 2193 1003 ox·-¹

1147 1019 1298 1068 dinari,
1320 1023 1361 1059 et
1383 1023 1600 1070 utramque
1620 1030 1705 1057 esse
1719 1018 1764 1057 in
1782 1017 1860 1056 hoc
1880 1021 1990 1056 statu
2009 1010 2194 1072 necessa-‘y

1147 1081 1276 1129 riam;
1307 1081 1486 1132 priorem
1508 1085 1650 1119 tamen
1679 1079 1857 1119 fructum
1877 1090 1963 1118 esse
1988 1074 2194 1131 praecipue’

1152 1141 1359 1181 intentum
1392 1141 1437 1181 in
1461 1142 1540 1181 hac
1569 1145 1701 1193 parte,
1727 1140 1800 1180 ubi
1821 1140 2044 1192 spiritualis
2070 1140 2191 1182 lectio

1151 1204 1468 1244 commendatur
1497 1208 1695 1255 tanquam
1722 1203 1963 1243 exercitium
1980 1203 2074 1242 vitae
2094 1215 2191 1243 con-

1152 1266 1407 1318 templativae
1439 1266 1491 1305 ad
1525 1265 1736 1317 propriam
1761 1264 2015 1315 spiritualem
2037 1265 2192 1316 perfec-

1147 1328 1302 1367 tionem
1323 1328 1574 1367 ordinatum.
1600 1328 1690 1366 Non
1709 1330 1914 1378 repugnat
1934 1330 2090 1374 tamen,
2105 1326 2192 1367 imo

1148 1389 1200 1428 ad
1219 1389 1508 1441 perfectionem
1535 1392 1576 1428 et
1606 1388 1854 1428 industriam
1873 1387 2046 1438 legentis
2066 1387 2192 1439 perti-

1148 1455 1234 1499 net,
1255 1451 1307 1490 ad
1334 1456 1557 1502 utrumque
1588 1450 1714 1490 finem
1745 1450 1823 1489 hoc
1851 1461 1952 1501 opus
1983 1449 2190 1491 ordinare.

1150 1514 1235 1552 Hoc
1254 1525 1351 1553 vero
1383 1513 1686 1565 provectiorum
1717 1517 1792 1558 est,
1815 1516 1857 1552 et
1885 1512 2064 1551 maxime
2091 1523 2193 1551 con-

1151 1575 1264 1614 venit
1282 1575 1473 1626 professis
1504 1575 1718 1614 Societatis
1733 1604 1743 1622 ,
1766 1574 1924 1613 ratione
1947 1573 2011 1612 sui
2037 1577 2190 1625 status3

1151 1648 1248 1676 nam
1264 1638 1320 1676 ita
1331 1637 1481 1676 debent
1496 1636 1731 1675 incumbere
1744 1637 1918 1688 proprioe
1930 1635 2191 1687 perfectioni,

1150 1703 1199 1738 ut
1216 1697 1307 1737 aliis
1323 1699 1447 1737 etiam
1466 1698 1695 1746 consulant,
1716 1702 1758 1737 et
1776 1709 1798 1736 e
1819 1709 2015 1736 converso
2026 1711 2037 1745 3
2063 1696 2189 1745 unde,

1152 1760 1186 1800 si
1199 1761 1341 1799 eadem
1356 1760 1462 1798 actio
1482 1760 1606 1810 possit
1624 1771 1710 1798 esse
1719 1757 1832 1797 utilis
1844 1759 1893 1798 ad
1907 1763 2130 1808 utrumque
2143 1756 2192 1797 fi-

1150 1833 1267 1869 nem,
1301 1821 1518 1872 perfectior
1546 1821 1644 1869 erit,
1677 1820 1833 1859 caeteris
1861 1819 2055 1871 paribus,
2078 1819 2114 1857 si
2140 1817 2193 1857 ad

1150 1891 1370 1932 utrumque
1391 1882 1604 1920 referatur.
1627 1880 1902 1919 Nihilominus
1917 1885 2072 1926 tamen,
2093 1879 2194 1918 viris

1151 1943 1271 1980 etiam
1289 1943 1490 1993 perfectis,
1507 1942 1625 1980 lectio
1636 1941 1858 1991 spiritualis
1868 1940 2090 1991 aliquando
2103 1952 2194 1991 spe-

1152 2002 1310 2041 cialiter
1331 2003 1531 2040 sumenda
1555 2006 1614 2039 est
1642 2005 1810 2052 propter
1841 2001 2035 2040 affectum
2059 2002 2192 2052 potius

1151 2063 1439 2110 excitandum,
1471 2074 1597 2114 quam
1618 2068 1786 2113 propter
1815 2062 2012 2110 studium,
2041 2067 2080 2100 et
2099 2063 2191 2101 ideo

1151 2128 1375 2173 utrumque
1404 2124 1593 2162 distincte
1630 2123 1942 2162 commendatur
1971 2123 2190 2171 omnibus,

1152 2185 1277 2224 etiam
1295 2185 1505 2236 professis,
1527 2189 1568 2224 et
1584 2183 1683 2223 viris
1704 2189 2087 2236 quantumcumque
2103 2197 2194 2236 per-

1152 2246 1280 2293 fectis,
1291 2247 1454 2294 scilicet,
1469 2251 1509 2285 et
1519 2246 1701 2285 studium
1716 2258 1923 2284 sacrarum
1941 2246 2190 2295 litterarum,

1154 2311 1193 2346 et
1207 2308 1429 2359 spiritualis
1449 2308 1588 2355 lectio;
1602 2319 1694 2359 quae
1714 2312 1754 2346 ct
1770 2308 1813 2346 in
1828 2309 1960 2359 prima
1971 2308 2128 2359 regula,
2142 2318 2194 2347 ex

1154 2370 1456 2416 communibus,
1477 2370 1725 2421 praecipitur,
1748 2373 1789 2408 et
1808 2370 1942 2408 eidem
1965 2369 2074 2408 horae
2095 2380 2195 2420 qua-

1155 2430 1278 2470 drans
1298 2431 1341 2469 in
1355 2431 1538 2482 singulos
1548 2431 1632 2470 dies
1644 2443 1670 2470 a
1683 2432 1855 2482 septima
1870 2431 2194 2482 Congregatione

1155 2492 1408 2544 designatur,
1432 2493 1475 2531 in
1503 2503 1595 2532 can.
1621 2493 1661 2532 ὃ.
1694 2494 1746 2531 De
1775 2493 1885 2531 illius
1905 2504 2001 2531 vero
2021 2492 2188 2531 necessi-

1155 2556 1238 2595 tate
1264 2554 1395 2592 multa
1426 2554 1601 2602 docent,
1634 2554 1707 2604 qui
1732 2553 1773 2591 id
1803 2558 2095 2603 argumentum
2126 2564 2194 2604 pe·

1153 2614 1362 2653 culiariter
1398 2619 1708 2666 assumpserunt
1726 2644 1737 2660 ‚
1780 2615 2025 2653 nominatim
2063 2615 2193 2666 perite

1152 2679 1331 2715 tractant
1370 2676 1604 2727 Alphonsus
1647 2675 1815 2726 Rodrig.
1838 2706 1848 2723 ‚
1882 2677 2015 2727 prima
2052 2679 2190 2727 parte,

1153 2741 1270 2778 tract.
1293 2740 1335 2787 5,
1369 2750 1406 2778 c.
1441 2740 1519 2788 283
1540 2739 1633 2785 Paz,
1655 2741 1755 2775 tom.
1793 2738 1832 2785 1,
1855 2737 1882 2776 1.
1906 2739 1945 2785 2,
1971 2750 2012 2789 p.
2039 2738 2079 2786 4,
2099 2748 2189 2789 cap.

1153 2800 1365 2850 trigesimo
1380 2800 1529 2851 primo,
1550 2803 1593 2839 et
1612 2803 1713 2840 tom.
1735 2799 1777 2847 2,
1798 2798 1904 2839 libro
1931 2800 2066 2848 tertio,
2086 2811 2128 2851 p.
2148 2799 2191 2845 ὅ,

1153 2873 1241 2914 cap.
1265 2862 1456 2901 secundo.

1205 2923 1248 2964 6.
1267 2925 1328 2964 De
1346 2923 1530 2964 exercitio
1547 2920 1734 2963 mentalis
1755 2922 1965 2963 orationis.
1980 2921 2196 2961 -s-Prae'ter

1154 2985 1243 3025 haec
1261 2996 1357 3024 vero
1374 2984 1598 3023 necessaria
1611 2988 1672 3023 est
1686 2986 1813 3023 etiam
1832 2985 1877 3022 in
1897 2984 1973 3022 hoc
1993 2987 2101 3022 statu
2118 2983 2198 3031 fre-y

1156 3058 1284 3099 quens
1315 3050 1357 3085 et
1386 3046 1550 3085 assidua
1576 3043 1766 3085 mentalis
1794 3045 1949 3095 orati0;
1981 3045 2079 3095 quia
2109 3053 2194 3082 non

1155 3108 1287 3148 solum
1308 3107 1583 3146 necessarium
1601 3107 1787 3146 medium
1818 3110 1877 3146 est
1901 3104 1952 3145 ad
1984 3105 2195 3156 propriam

1155 3170 1446 3222 perfectionem
1465 3169 1773 3220 acquirendam,
1794 3173 1834 3208 et
1851 3169 1901 3207 ad
1918 3168 2123 3206 fructuose
2137 3166 2195 3205 la-

1156 3231 1388 3271 borandum
1408 3231 1453 3269 in
1469 3232 1593 3270 vinea
1611 3231 1789 3278 Domini,
1818 3230 1887 3269 sed
1906 3229 2030 3268 etiam
2057 3228 2194 3277 aliqua

1157 3303 1206 3331 ex
1228 3297 1343 3344 parte
1371 3291 1466 3330 finis
1493 3295 1555 3330 est
1587 3292 1712 3343 hujus
1745 3291 1945 3341 religiosae
1973 3291 2080 3335 vitae,
2103 3295 2194 3337 quae

1156 3365 1241 3393 non
1271 3354 1401 3393 solum
1434 3354 1569 3393 activa
1598 3358 1674 3402 est,
1698 3353 1767 3392 sed
1799 3353 1923 3391 etiam
1946 3346 2193 3397 contempla-

1157 3415 1256 3464 tiva,
1276 3419 1323 3454 ut
1338 3427 1476 3466 supra,
1490 3415 1562 3453 lib.
1582 3416 1620 3462 1,
1637 3426 1672 3454 c.
1697 3415 1738 3463 6,
1759 3413 1950 3452 diximus.
1968 3408 2082 3448 Unde
2098 3418 2192 3446 cum

1157 3476 1236 3516 hoc
1266 3478 1505 3516 exercitium
1525 3477 1601 3515 toti
1632 3475 1824 3515 Societati
1853 3473 1903 3511 sit
1923 3469 2100 3509 maxime
2121 3479 2193 3508 ne-

1159 3538 1396 3586 cessarium,
1425 3548 1508 3589 quo
1528 3537 1680 3587 gradus
1708 3533 1977 3586 professorum
2007 3533 2194 3589 censetur

1160 3609 1246 3639 esse
1265 3599 1495 3651 perfectior,
1516 3608 1566 3638 eo
1585 3595 1715 3647 magis
1732 3593 1833 3632 illud
1854 3591 2095 3644 participare
2121 3590 2192 3650 def
