2352 3880
18 268 37 276 ..
63 279 81 334 ’ζ
104 265 123 343 ’γ’
142 261 171 324 ’.ιι
186 285 418 336 ,moliens
447 284 676 335 explicatur
701 283 745 324 in
770 282 916 334 regula
942 281 1101 322 monia-

101 347 378 403 25m‚*nomine
412 346 457 387 S.
479 345 742 396 Hieronymi,
775 355 867 395 cap.
900 342 1099 395 vigesimo

35 448 37 450 ,
77 408 265 454 ‘unda
299 407 480 448 Societas
501 418 600 446 vero
635 404 814 444 definitis
842 403 1099 456 temporibus

64 535 66 537 ’
86 516 91 520 ’
108 551 113 565 2
143 543 169 571 a
186 542 284 570 vero
303 529 550 569 recreationi
571 528 795 577 assignata,
816 526 1024 565 silentium
1044 526 1099 564 ita

29 586 37 636 ἒ
66 589 109 632 '²52
147 604 232 632 are
251 591 449 643 praecipit,
470 594 518 631 ut
535 601 644 630 nemo
663 588 852 641 loquatur
876 589 961 629 nisi
979 588 1100 628 obiter

22 676 37 697 ἰ
66 656 97 707 j‘
125 654 353 706 perpaucis,
385 655 456 692 aut
480 651 525 691 de
551 650 667 690 rebus
699 650 952 698 necessariis,
980 653 1026 688 ut
1055 647 1098 688 in

29 724 35 730 ·
63 720 154 767 teg.
176 715 251 762 26,
273 725 325 754 ex
347 711 651 757 communibus,
674 710 843 757 dicitur;
864 714 903 750 et
926 722 1001 762 per
1032 720 1097 749 se-

49 802 53 807 ·
80 775 86 782 ’
123 780 238 817 entes
267 775 432 825 regulas
469 774 624 824 optime
660 773 903 823 explicatur.
938 771 1097 812 Deinde

27 846 34 868 ἑ
105 850 226 889 mpus
243 837 422 877 duarum
451 834 665 882 horarum,
685 835 943 874 considerata
965 833 1096 872 distri-

31 924 36 944 ;
57 898 229 945 batione
257 909 416 944 earum,
438 901 479 939 et
511 896 730 939 occasione
752 908 802 935 ac
832 895 1093 943 necessitate,

62 960 147 1005 non
178 964 319 1013 potest
355 959 488 999 videri
518 959 693 998 nimium
713 962 826 1006 ;tum
861 958 960 1008 quia
998 959 1094 995 ante

31 1051 33 1053 -
61 1021 288 1076 quamlibet
316 1033 367 1062 ex
398 1021 463 1061 his
494 1019 607 1060 horis
628 1018 898 1058 recreationis
930 1021 1096 1056 antece-

60 1082 163 1127 dero
193 1081 329 1123 solent
348 1094 420 1121 sex
445 1082 512 1121 vel
535 1085 695 1132 septem
723 1081 845 1128 horae,
867 1079 911 1118 in
942 1078 1095 1129 quibus

58 1146 256 1189 continue
287 1144 491 1183 exercitiis
522 1142 818 1194 spiritualibus,
841 1143 913 1179 aut
931 1140 1092 1190 studiis,

59 1211 133 1253 aut
151 1207 388 1246 ministeriis
417 1217 517 1257 erga
533 1205 742 1256 proximos
764 1202 983 1250 insistitur;
1006 1207 1094 1242 tum

60 1269 186 1312 etiam
207 1268 303 1320 quia
329 1271 422 1319 post
440 1267 676 1318 prandium,
697 1265 960 1315 quantumvis
988 1266 1095 1303 tem-

58 1335 275 1386 peratum.
304 1329 357 1368 ad
380 1329 596 1367 minimum
630 1327 754 1366 unius
785 1326 898 1365 horae
929 1329 1095 1376 tempus

58 1392 342 1434 necessarium
358 1393 433 1437 est,
450 1393 495 1428 ut
507 1388 635 1440 possit
650 1387 813 1426 animus
829 1387 920 1426 sine
942 1398 1093 1437 magno

58 1453 247 1505 eorporis
272 1452 521 1491 detrimento
542 1449 596 1490 ad
617 1450 826 1502 graviores
853 1449 1093 1500 occupatio-

58 1524 135 1556 nes
153 1515 302 1555 redire.
323 1514 420 1553 Ideo
441 1512 569 1560 enim,
590 1516 636 1551 ut
656 1511 757 1559 dixi,
784 1523 960 1550 numero
986 1509 1094 1550 deci-

57 1586 128 1618 mo
157 1577 300 1625 tertio,
319 1579 486 1625 tempus
506 1573 607 1612 illud
626 1573 804 1612 electum
825 1576 900 1611 est.
920 1573 1003 1611 Nec
1030 1582 1095 1611 re-

57 1636 139 1679 fert
155 1637 269 1689 quod
286 1637 330 1676 in
350 1635 558 1686 aliquibus
574 1633 844 1685 religionibus
861 1633 905 1672 in
925 1643 975 1671 eo
994 1636 1095 1671 tem·

57 1696 160 1753 pore
182 1699 390 1739 silentium
410 1697 694 1738 commendari
711 1696 829 1741 solet,
850 1699 895 1735 ut
914 1698 1027 1746 patet
1043 1705 1095 1734 ex

58 1761 205 1814 regula
222 1762 265 1804 S.
297 1760 523 1806 Benedicti,
548 1771 588 1798 c.
619 1759 694 1806 48,
718 1759 817 1797 etin
834 1757 980 1808 regula
1011 1755 1096 1797 Mo·

57 1825 206 1871 uach„
229 1822 399 1863 nomine
434 1822 474 1861 S.
507 1820 764 1870 Hieronymi,
798 1831 833 1859 c.
865 1820 1000 1869 383et
1019 1818 1095 1858 Pa-

58 1885 262 1932 themius,
278 1886 319 1923 in
338 1894 413 1923 sua
426 1882 573 1933 regula
588 1884 654 1929 ⁴4,
668 1879 801 1931 inquit
817 1892 827 1918 ι
846 1879 899 1922 Si
914 1890 1097 1932 egressus

59 1947 193 1998 fueris
207 1956 234 1986 a
247 1945 346 1994 cibo,
361 1956 409 1985 ue
428 1943 608 1994 loquaris
627 1942 669 1982 in
686 1942 894 1990 redeunde,
914 1943 1027 1982 donec
1039 1940 1096 1985 ad

60 2004 186 2051 locum
208 2010 323 2046 tuum
346 2004 577 2045 revertaris.
598 2005 701 2043 Sunt
722 2004 833 2042 enim
851 2003 1014 2042 diversa
1032 2003 1090 2042 in-

59 2063 214 2116 etanta,
234 2067 335 2107 etin
348 2066 499 2106 ordine
517 2065 570 2105 ad
590 2065 774 2105 diversos
792 2064 913 2110 fines,
927 2068 1000 2104 aut
1017 2076 1093 2115 pro

57 2133 294 2181 temporum
327 2140 379 2168 ac
410 2127 818 2167 circumstantiarum
856 2125 1091 2166 diversitate

60 2194 195 2246 potest
220 2199 352 2229 unum
370 2189 445 2228 vel
467 2189 643 2227 alterum
663 2186 883 2239 expedire3
905 2187 1092 2228 conside«

56 2251 158 2295 ratis
175 2256 315 2295 autem
333 2251 417 2290 tine
432 2253 477 2289 et
498 2248 837 2300 occupationibus
856 2247 1091 2298 SocietatIs,

57 2312 140 2356 hoc
168 2314 355 2355 medium
371 2311 660 2355 existimamus
678 2323 780 2351 esse
796 2310 856 2350 illi
872 2311 1008 2361 magis
1027 2322 1095 2352 ac-

61 2374 384 2419 commodatum.

110 2436 181 2476 20.
214 2434 286 2477 Aa
313 2434 525 2476 secundum
561 2433 849 2475 incommodum
887 2439 934 2475 m
960 2434 1096 2476 codem·

55 2508 171 2540 mum.
194 2497 258 2538 42.
282 2517 338 2527 -··
354 2497 483 2544 Quam
512 2494 568 2538 ob
592 2508 682 2535 rem
708 2507 795 2535 non
826 2496 961 2548 potest
990 2495 1093 2535 illud

61 2560 220 2602 censeri
246 2559 550 2610 multiloquium
566 2586 578 2608 ‚
606 2558 649 2596 in
678 2567 763 2608 quo
784 2569 870 2597 non
891 2558 996 2597 solet
1022 2556 1093 2596 de-

58 2631 153 2662 esse
176 2624 415 2673 peccatum3
434 2632 532 2659 nam
553 2619 654 2659 illud
675 2619 826 2659 dicitur
843 2618 897 2658 de
914 2616 1093 2658 multilo-

57 2682 158 2736 quio
182 2682 393 2733 superfluo
423 2685 467 2722 et
499 2680 691 2729 incauto;
724 2681 826 2719 illud
847 2685 986 2720 autem
1015 2690 1092 2719 nec

54 2744 315 2796 superfluum
333 2748 409 2792 est,
422 2740 496 2782 sed
512 2742 566 2781 de
582 2753 628 2781 se
648 2741 925 2789 moderatum,
940 2745 983 2782 et
999 2751 1093 2793 spe-

59 2806 237 2847 randum
259 2811 320 2845 est
339 2818 361 2844 a
378 2805 474 2843 viris
490 2803 708 2855 religiosis,
724 2815 807 2842 non
826 2808 997 2851 temere,
1014 2813 1091 2843 nec

57 2863 227 2908 incaute
257 2865 360 2906 ficri
388 2866 618 2905 Praesertim
645 2866 743 2915 quia
768 2877 822 2904 ex
858 2869 973 2916 parte
1000 2864 1091 2905 reli-

58 2927 196 2983 gionis
213 2929 392 2967 maxima
413 2927 632 2966 adhibetur
653 2939 773 2975 cura,
795 2930 840 2966 ut
858 2931 897 2966 et
916 2926 1090 2965 materia

60 2984 123 3031 iili
153 2991 451 3030 conversationi
483 2989 723 3041 praescripta
749 2989 823 3036 sit,
846 2992 893 3027 ut
911 2988 1090 3027 diximus

63 3048 207 3093 hfine
239 3063 357 3091 num.
385 3052 453 3099 17,
483 3051 539 3089 ita
559 3055 605 3089 ut
627 3058 669 3089 et
691 3052 826 3090 levare
855 3050 984 3100 possit
1004 3051 1091 3089 aui·

64 3114 171 3160 noe,
201 3116 242 3153 et
267 3112 477 3152 neminem
505 3111 731 3161 offendere,
753 3115 794 3150 et
812 3111 1028 3161 loquentes
1044 3123 1092 3151 ao

61 3172 280 3212 {adientes
298 3174 526 3219 aedificare;
550 3178 591 3212 et
610 3173 758 3212 modus
788 3173 838 3211 sit
856 3173 980 3210 etiam
999 3172 1094 3212 reli-

61 3231 204 3291 giosus
225 3246 274 3282 ac
295 3234 551 3282 moderatus,
584 3238 624 3273 et
653 3238 699 3273 ut
730 3234 1014 3273 contentiones
1042 3246 1090 3274 ac

66 3294 286 3342 perborum
307 3306 458 3345 pugnae
477 3294 702 3334 vitentur¹.
718 3296 775 3335 Ac
802 3294 1012 3345 denique,
1031 3297 1091 3335 at·

30 3395 33 3397 .
60 3351 241 3425 Wtur
260 3355 398 3407 (quod
425 3356 473 3394 D.
497 3356 692 3404 Thomas,
712 3357 808 3398 dict.
833 3357 1089 3407 quaest.168‚

29 3459 33 3468 ζ
62 3396 199 3516 ξὲη
159 3417 199 3466 2,
236 3416 442 3467 consulit)
465 3427 514 3458 ue
529 3418 684 3467 mavit:
683 3429 715 3462 1
742 3418 891 3460 auimoe
909 3419 1092 3459 totaliter

31 3543 47 3582 f
65 3528 147 3580 εἰ*
160 3534 335 3576 Consule
353 3536 667 3580 instructionem
684 3538 751 3588 Μ,
771 3549 847 3590 pro
861 3538 1093 3580 renovatio·

30 3592 33 3614 ⁴
64 3583 323 3651 heluinus,
339 3610 375 3640 c.
388 3600 431 3641 9.

284 3675 369 3710 xvi.

74 3814 211 3880 ιτα.

411 219 503 255 ΟΔΡ.
522 218 608 254 vm.
630 218 687 253 ΒΕ
705 217 844 252 nunus
862 215 1077 256 Posmvls,
1096 216 1174 250 SEU
1195 180 1293 257 311AE
1310 218 1354 251 lu
1375 183 1836 252 Atrion'consmum.

1152 283 1390 324 resolvatur.
1414 284 1492 323 Ubi
1511 295 1563 323 ex
1579 284 1814 331 Ambrosio,
1836 284 1856 323 1
1875 280 2071 330 Officior„
2091 293 2184 334 cap.

1153 343 1376 393 vigesimo,
1406 345 1540 384 simile
1562 345 1857 386 documentum
1882 343 2084 384 adducit.
2109 342 2185 386 Ca-

1154 416 1314 445 reamus
1344 416 1409 452 ae,
1443 406 1535 446 dum
1564 407 1749 448 releuare
1778 407 1959 448 animum
1987 396 2184 454 volumus,

1153 465 1352 506 solvamus
1370 477 1519 504 omnem
1541 467 1806 513 harmoniam,
1825 469 1942 520 quasi
1960 470 2186 509 concentum

1153 527 1357 579 quemdam
1384 526 1569 564 bonoram
1589 538 1761 576 operum.
1790 529 1861 568 Cui
1883 532 2087 569 consonat
2105 529 2185 571 ele-

1153 599 1258 637 gans
1271 587 1474 626 sententia
1486 587 1622 626 Basilii
1639 588 1681 626 in
1694 590 1862 629 Constit.
1876 594 2070 640 monast„
2089 601 2182 644 cap.

1154 648 1315 688 decimo
1338 649 1458 687 tertio
1475 662 1486 686 :
1520 648 1698 691 Vitanda»
1713 661 1845 690 omnes
1866 653 2022 691 omnino
2040 653 2088 692 in
2105 663 2182 696 eer-

1151 721 1261 750 mone
1279 712 1451 759 facetioe,
1477 714 1513 750 et
1540 699 1728 750 scurrilis
1743 710 1953 759 dicacitas,
1968 714 2086 760 sicut,
2102 717 2181 755 etc.

1150 771 1200 810 Et
1219 771 1324 810 infra
1348 782 1358 811 z
1383 771 1437 811 Si
1462 782 1562 811 usus
1585 771 1774 811 inciderit
1791 771 2006 822 aliquando
2023 805 2033 819 ‚
2055 777 2104 814 ut
2119 786 2184 816 re·

1147 834 1351 874 mittenda·
1369 833 1661 884 aliquantulum
1676 832 1860 872 tristitiae
1877 844 1998 873 causa
2011 845 2184 876 sermone

1148 895 1204 936 ad
1219 894 1466 935 hilaritatem
1486 896 1716 942 excitemur,
1731 895 1864 934 danda
1878 895 2031 934 omnino
2049 907 2182 947 opera,

1145 958 1195 997 'eft
1223 956 1436 1006 spirituali
1457 957 1584 1007 lepore
1605 959 1752 1004 refecta
1780 957 1838 996 sit
1867 955 1994 996 oratio
2024 961 2180 1007 nostra,

1147 1020 1187 1064 et
1208 1016 1454 1068 annyelico
1472 1018 1556 1058 ¹sale
1574 1019 1735 1059 condita
1746 1047 1759 1066 ,
1776 1022 1823 1058 ut
1840 1021 1958 1059 recta³
1976 1031 2064 1071 quoe
2082 1020 2181 1061 into-

1147 1079 1239 1119 rius
1257 1079 1313 1119 su
1339 1078 1548 1130 sapientior
1571 1083 1732 1132 gratum
1759 1083 1870 1130 fiJras
1887 1082 2042 1122 odorem
2071 1083 2182 1131 aspi·

1150 1144 1226 1187 ret,
1247 1140 1533 1192 dupliciterque
1552 1141 1786 1186 auditorem,
1807 1145 1843 1182 et
1875 1144 2002 1182 animi
2023 1143 2182 1183 relaxa-

1150 1202 1267 1250 tione,
1283 1206 1322 1244 et
1335 1202 1610 1255 intelligentiae
1630 1203 1854 1251 festivitate
1874 1205 2041 1245 delectet.
2067 1205 2181 1245 Idem

1150 1274 1317 1314 quoque
1335 1268 1478 1303 monet
1493 1264 1682 1304 Clemens
1710 1264 2028 1314 Alexandrinus,
2056 1266 2126 1305 lib.
2155 1267 2182 1305 2

1149 1325 1334 1377 Paedag.‚
1356 1338 1393 1365 c.
1417 1326 1442 1364 5
1463 1337 1472 1364 ε
1497 1325 1641 1367 Studii
1659 1325 1673 1374 (
1686 1325 1846 1377 inquit)
1865 1328 1996 1367 nostri
2016 1327 2181 1368 acrimo-

1147 1387 1260 1427 niam
1276 1417 1286 1434 ,
1322 1390 1359 1426 et
1378 1387 1552 1427 nimium
1587 1387 1787 1427 intensam
1804 1387 2083 1428 vehementiam
2104 1400 2182 1429 mo-

1148 1447 1281 1488 derate
1297 1449 1566 1495 remittentes,
1595 1459 1674 1487 uon
1701 1451 1832 1488 autem
1853 1449 2078 1489 inconcinne
2099 1451 2182 1491 dis·

1148 1509 1351 1550 solventes.
1369 1511 1416 1548 Et
1431 1510 1475 1547 in
1490 1521 1614 1560 opere
1629 1509 1682 1548 ad
1701 1509 1849 1549 fratres
1868 1510 1920 1549 de
1939 1515 2078 1550 monte
2090 1512 2178 1559 Dei,

1154 1571 1258 1622 apud
1278 1572 1550 1617 Bernardum,
1576 1572 1674 1610 satis
1693 1577 1789 1611 ante
1809 1573 2010 1622 medium,
2030 1574 2088 1612 ita
2108 1574 2182 1613 ha-

1149 1631 1290 1672 betur:
1304 1634 1399 1673 Non
1413 1636 1495 1672 tam
1509 1634 1611 1684 quod
1622 1634 1799 1673 animum
1815 1634 2035 1673 delectando
2053 1636 2106 1675 ad
2117 1637 2181 1675 ko-

1151 1705 1239 1734 ram
1257 1695 1446 1740 detineas,
1461 1706 1578 1745 quam
1592 1695 1695 1744 quod
1702 1706 1774 1744 pro
1789 1696 2074 1746 spiritualibus
2096 1701 2181 1737 atu-

1155 1755 1233 1796 aa
1249 1756 1539 1795 delectationem
1558 1767 1771 1803 conserves,
1792 1761 1832 1798 et
1849 1761 2025 1803 nutrias,
2045 1758 2088 1798 iu
2108 1770 2182 1809 quo

1151 1819 1380 1858 remittatur
1398 1819 1452 1859 ad
1468 1818 1606 1859 horam
1636 1819 1810 1866 animus,
1840 1831 1918 1858 uon
1941 1820 2178 1860 resolvatur.

1199 1880 1268 1918 ⁴21.
1300 1880 1493 1926 Quintum
1513 1879 1698 1927 medium,
1717 1883 1859 1919 mutua
1881 1883 2181 1923 communicatio

1145 1939 1252 1982 inter
1265 1941 1440 1980 absentes
1450 1951 1521 1990 per
1540 1940 1824 1980 litterae-Ac
1829 1944 2001 1980 testatur
2017 1946 2054 1982 et
2076 1945 2182 1995 pris-

1146 2010 1194 2042 ca
1210 2002 1388 2051 fidelium
1406 2003 1806 2041 consuetude—Nec
1827 2003 1961 2041 solum
1989 2009 2182 2044 contenta

1145 2065 1209 2101 est
1228 2062 1412 2101 Societas
1432 2074 1481 2101 ea
1499 2063 1889 2113 communicatione,
1914 2077 2003 2115 quae
2020 2067 2181 2106 animos

1144 2123 1295 2163 eodem
1314 2124 1404 2163 loco
1432 2124 1706 2164 habitantium
1733 2125 1774 2164 in
1796 2138 1925 2164 unum
1946 2139 2015 2165 cor
2032 2134 2072 2166 et
2092 2129 2181 2166 ani-

1146 2195 1262 2224 mum
1287 2186 1527 2235 conjungat,
1547 2185 1625 2225 sed
1640 2186 1765 2225 etiam
1786 2187 2026 2227 absentibus
2049 2188 2182 2227 fratri-

1145 2243 1224 2284 bus
1247 2245 1360 2284 illam
1380 2245 1557 2286 consulit
1583 2247 1816 2288 litterarum
1840 2251 2181 2291 communicatio-

1146 2317 1261 2353 nem,
1277 2317 1372 2356 quas
1392 2307 1446 2346 ati
1464 2308 1662 2348 eumdem
1684 2309 1811 2349 finem
1830 2311 2040 2351 inserviat.
2063 2311 2181 2353 Unde

1147 2368 1189 2408 S.
1220 2365 1267 2408 Ρ.
1298 2367 1346 2409 N.
1370 2369 1568 2419 Ignatius,
1595 2372 1741 2410 octava
1767 2377 1885 2423 parte
1922 2374 2180 2415 Constitutio-

1145 2441 1263 2477 num,
1283 2440 1318 2469 c.
1342 2432 1381 2475 1,
1403 2430 1483 2481 §Q
1510 2431 1564 2470 de
1584 2431 1732 2471 mediis
1760 2433 1816 2472 ad
1843 2434 1950 2473 hanc
1982 2435 2180 2475 unionem

1145 2491 1272 2531 totius
1286 2492 1504 2531 Societatis
1523 2494 1710 2532 scribens
1727 2507 1739 2542 ;
1759 2495 1999 2548 Maqnopere
2016 2498 2179 2549 (inquit)

1147 2555 1265 2594 etiam
1279 2554 1441 2603 juvabit
1461 2554 1691 2596 litterarum
1709 2555 1816 2596 ultro
1836 2558 2011 2609 citroque
2031 2561 2180 2601 missa-

1146 2624 1238 2654 rum
1264 2615 1370 2654 inter
1404 2616 1620 2663 inferiores
1649 2621 1688 2657 et
1719 2616 1956 2668 Superiores
1992 2621 2180 2672 frequens

1146 2677 1437 2723 commercium,
1452 2681 1491 2717 et
1515 2678 1647 2719 crebro
1681 2678 1786 2718 alios
1809 2680 1853 2719 de
1871 2679 1965 2720 aliis
1994 2682 2182 2724 certiores

1146 2738 1255 2786 fieri,
1266 2738 1462 2777 acaudtlre
1471 2751 1558 2790 quoe
1571 2750 1617 2779 etc
1630 2739 1758 2779 variis
1769 2739 1865 2781 locis
1882 2743 1934 2780 ad
1950 2743 2180 2790 ‹edificatio-

1146 2810 1246 2845 nem,
1263 2804 1299 2839 et
1316 2812 1447 2840 eorum
1463 2812 1550 2853 quoe
1567 2806 1764 2854 yernntur
1782 2805 2058 2854 coemtionem,
2079 2809 2180 2859 affe·

1144 2866 1307 2901 runlur.
1328 2862 1444 2900 Extat
1466 2863 1589 2901 etiam
1605 2864 1682 2902 hac
1702 2864 1752 2903 de
1773 2877 1818 2903 re
1845 2865 2059 2906 instructio
2081 2868 2180 2909 data.

1141 2933 1255 2962 anno
1277 2924 1394 2970 1594,
1411 2924 1682 2974 praescribens
1700 2925 1871 2964 modum
1891 2927 1931 2965 in
1954 2928 2015 2966 his
2032 2929 2179 2970 litteris

1144 2985 1387 3031 tenendum,
1398 2990 1681 3035 consonatque
1693 2987 1788 3025 huic
1799 2987 2056 3038 institutioni,
2067 2991 2178 3042 quod

1144 3047 1319 3086 Basilius
1340 3047 1481 3085 scribit
1500 3047 1541 3086 in
1559 3048 1726 3099 Regulis
1739 3050 1980 3097 moralibus,
1999 3064 2086 3103 reg.
2110 3054 2176 3102 70,

1147 3122 1183 3148 e.
1207 3111 1225 3146 1
1247 3122 1255 3146 :
1281 3108 1358 3154 Qui
1377 3109 1452 3148 Dei
1482 3109 1662 3158 beneficio
1678 3114 1779 3150 recte
1797 3111 1952 3162 aliquid
1967 3115 2120 3161 fecerit,
2140 3115 2176 3154 is

1147 3172 1301 3212 coeteris
1318 3182 1465 3222 quoque
1481 3174 1618 3211 notum
1634 3173 1766 3222 facere
1779 3173 1883 3211 illud
1902 3174 2023 3220 debet,
2042 3178 2088 3215 ut
2103 3175 2176 3215 Dei

1145 3233 1277 3285 yloria
1306 3233 1479 3273 crebrior
1511 3233 1734 3283 efficiatur.
1767 3235 1980 3284 Affertque
2005 3236 2056 3275 de
2095 3237 2172 3275 hoc

1146 3296 1438 3347 Apostolorum
1457 3297 1661 3348 exempla,
1683 3299 1772 3336 Act.
1791 3298 1854 3340 14,
1870 3299 1972 3348 Eph.
1998 3301 2036 3338 6.
2055 3299 2170 3338 Unde

1144 3357 1255 3396 idem
1276 3357 1450 3395 Basilius
1465 3386 1476 3401 ‚
1509 3369 1574 3409 ep.
1598 3360 1650 3398 55
1678 3358 1733 3398 ad
1765 3359 2041 3405 Ambrosium,
2063 3359 2172 3398 inter

1146 3429 1299 3468 magna
1317 3419 1387 3457 Dei
1408 3419 1517 3458 dona
1544 3424 1751 3467 numerat,
1772 3420 1876 3471 quod
1890 3431 2008 3470 qnam
2025 3418 2170 3471 loupia-

1146 3481 1244 3519 sime
1255 3485 1416 3532 propter
1439 3481 1612 3520 locorum
1625 3483 1857 3521 distantiam
1874 3480 2081 3527 sejunctis,
2098 3491 2170 3531 per

1144 3540 1375 3580 littsrarum
1390 3541 1608 3593 alloquium
1620 3545 1754 3582 mutuo
1771 3539 1981 3579 coalescere
1993 3540 2111 3583 dedic.
2122 3541 2172 3584 Et

1143 3600 1254 3641 infra
1264 3601 1382 3643 illum
1403 3604 1554 3644 excitat
1569 3602 1626 3643 ad
1642 3603 1720 3641 hoc
1733 3600 2015 3643 necessarium
2032 3603 2174 3648 chari-b

1907 3668 1965 3710 οι.
