2352 3880
384 0 400 18 ’1

335 50 388 75 Τ·

401 0 411 6 s
450 0 479 16 ,υ
502 18 504 21 Ι
527 7 545 17 Γ
587 0 597 6 .,

402 18 484 70 λῃ
505 25 518 42 0
547 27 549 29 ·
568 33 569 37 ,

443 107 462 125 0

194 117 197 125 v
220 78 340 125 suffe.
398 104 403 108 .

190 127 196 136 ι

76 277 79 280 “
138 281 353 331 stantibus,
378 284 512 325 solum
538 285 702 326 videtur
717 285 882 326 fundari
908 299 1030 338 posse
1056 287 1101 329 in

119 347 231 391 dulto
246 346 362 388 Pauli
381 347 448 395 111,
463 358 546 399 quo
556 347 756 387 -concedit
769 347 1006 389 facultatem
1022 348 1103 388 mi-

44 400 268 458 lffistrandi
288 409 427 449 omnia
460 413 719 449 sacramenta
746 408 834 449 sine
860 410 1099 462 praejudicio

40 468 187 520 nertii.
219 471 323 512 Nam
347 471 426 511 sub
445 470 798 511 administratione
822 477 1096 513 sacramento-

40 540 53 582 l
68 536 161 581 fam
170 532 532 584 comprehenditur
546 531 746 583 quidquid
757 531 810 571 ad
824 533 1101 575 substantiam

44 594 135 639 ’vel
161 594 462 634 solemnitatem
486 603 630 632 eorum
653 592 851 643 pertinet;
886 597 926 634 et
953 595 997 634 in
1025 594 1099 633 illo

44 657 183 703 idasu,
207 668 281 695 seu
305 655 347 694 in
366 654 446 693 illis
465 654 565 693 locis
593 665 677 692 non
703 654 924 694 intervenit
951 656 1097 707 praeJ‘u-

45 717 218 762 {dicium
236 716 364 762 tertii3
391 727 490 767 ergo
510 714 613 753 nihil
635 719 697 755 est
715 728 789 755 cur
817 717 904 757 haec
922 716 1097 757 facultas

42 779 144 822 <snb
162 778 229 817 illa
247 777 433 829 generali
452 776 633 816 clausula
654 789 739 816 non
760 778 1031 818 contineatur.

110 842 184 882 2¹.
214 840 303 880 Imo
329 839 375 878 ia
402 839 460 880 iis
490 839 587 879 locis
616 850 722 880 nanc
752 840 953 880 ordinarie
968 838 1098 883 nostri

45 899 529 947 saeuiunt—Maxime,
552 900 662 950 quia,
686 904 730 940 ut
748 912 873 952 supra
889 901 1098 950 dicebam,

46 990 49 995 <
65 974 114 1005 eo
133 963 221 1016 ipso
249 962 361 1013 quod
379 961 505 1000 nostri
532 962 774 1001 auctoritate
792 963 1025 1012 Apostolica
1045 959 1102 1002 ad

65 1025 140 1067 has
157 1025 349 1075 regiones
363 1027 595 1069 mutantur,
614 1023 696 1061 illis
711 1035 809 1062 cura
822 1023 984 1062 illarum
1006 1022 1098 1062 ani-

63 1097 225 1129 marum
243 1084 524 1131 committitur,
540 1096 630 1135 quae
643 1084 696 1123 ad
709 1084 833 1123 tidem
850 1088 1095 1123 convertun-

63 1149 144 1195 tur,
162 1147 228 1186 vel
250 1158 510 1196 quacumque
533 1146 750 1185 occasione
776 1146 833 1184 ibi
851 1145 1020 1195 degunt,
1054 1148 1097 1187 et

43 1207 206 1250 Jfideles
224 1219 271 1246 ac
292 1207 483 1257 baptizati
505 1211 612 1245 sunt.
646 1206 918 1245 Confirmatur
943 1219 995 1248 ex
1012 1206 1094 1246 alio

63 1269 222 1311 indulto
237 1269 351 1307 Pauli
363 1269 428 1314 III,
439 1268 534 1307 anni
549 1269 665 1313 1549,
674 1267 782 1307 Licet
793 1269 979 1313 debitum,
992 1272 1091 1316 etc„

63 1330 132 1374 ubi
154 1330 376 1381 Praeposito
395 1329 609 1368 Societatis
632 1328 893 1375 conceditur,
924 1333 970 1368 ut
998 1340 1094 1370 cum

64 1392 223 1444 aliquos
248 1403 297 1431 ex
332 1390 455 1429 sociis
484 1390 528 1429 in
560 1390 876 1436 Saracenorum,
910 1400 1094 1441 pagano-

61 1465 169 1502 rum,
199 1453 455 1503 aliorumque
483 1451 711 1490 infidelium
742 1455 901 1501 terras,
934 1456 975 1490 et
1000 1463 1095 1503 pro-

61 1515 215 1556 vincias
239 1514 340 1553 alias
367 1513 662 1552 remotissimas
686 1513 857 1560 miserit,
879 1512 1008 1563 possit
1033 1514 1098 1554 eis

61 1577 299 1617 auctoritate
315 1574 550 1626 Apostolica
570 1574 796 1612 concedere
816 1574 950 1612 varias
967 1573 1090 1612 facul·-

59 1641 166 1678 tates
186 1637 308 1684 longe
332 1635 556 1686 graviores,
573 1639 615 1673 ut
630 1635 895 1686 dispensandi
911 1634 1098 1684 aliquan-

45 1699 114 1743 ·,do
134 1700 176 1737 in
197 1697 393 1750 gradibus
409 1697 637 1746 prohibitis,
659 1695 930 1735 benedicendi
947 1707 1097 1734 coeme·

54 1761 164 1800 'teria
193 1763 234 1798 et
259 1762 502 1809 paramenta
522 1757 812 1796 ecclesiastica.
835 1758 886 1797 Et
907 1757 1096 1808 quamvis

58 1821 104 1862 in
128 1821 189 1859 his
213 1820 353 1871 gratiis
371 1831 455 1858 non
475 1819 598 1857 liceat
615 1818 897 1869 argumentari
915 1830 939 1858 a
956 1818 1095 1864 simili,

59 1893 197 1932 neque
224 1881 349 1919 etiam
381 1890 404 1918 a
436 1880 584 1930 maJori
619 1880 672 1918 ad
700 1880 849 1924 minus,
874 1879 968 1928 quia
995 1891 1099 1929 pen-

44 1963 47 1974 ·
59 1942 159 1984 dent
170 1954 221 1981 ex
232 1941 442 1980 voluntate
455 1952 650 1991 expressa
661 1940 942 1986 concedentis,
953 1940 1097 1978 nihilo-

60 2003 200 2044 minus
218 2014 267 2041 ex
287 2001 358 2039 illa
376 2002 645 2040 concessione
664 2001 895 2052 colligimus
917 2001 1026 2039 hauc
1041 1999 1100 2038 fa·

43 2066 251 2106 «cultatem
277 2074 355 2103 nec
382 2063 508 2102 tuisse
526 2068 720 2114 negatam
739 2074 763 2102 a
784 2062 994 2108 Pontifice,
1023 2072 1100 2102 nec

44 2124 367 2176 denegandam,
390 2118 424 2163 si
442 2124 745 2174 postularetur3
763 2135 848 2163 non
871 2122 998 2162 fuisse
1025 2134 1101 2162 au-

45 2191 140 2229 vtem
161 2186 427 2238 postulatam,
443 2197 527 2224 non
546 2186 643 2235 qnia
663 2197 763 2224 usus
779 2186 871 2236 ejus
887 2196 971 2224 non
987 2187 1100 2226 esset

43 2248 102 2290 tin
130 2248 209 2287 illis
227 2246 468 2298 regionibus
486 2247 761 2293 necessarius,
785 2247 855 2286 scd
874 2247 971 2297 quia
1000 2258 1099 2298 sup·

43 2310 291 2364 monebatur
306 2319 503 2349 concessa
521 2308 712 2347 Societati
732 2309 775 2346 in
792 2307 998 2359 prioribus
1012 2307 1098 2360 pri-

43 2369 231 2427 ·vilegiis‚
250 2374 291 2412 et
303 2369 394 2422 Jam
413 2381 505 2411 esse
523 2381 603 2409 usu
617 2374 845 2422 receptam.

444 2497 612 2544 CAPUT
637 2498 687 2543 V..

42 2622 116 2659 tm
136 2617 427 2656 srimrmmms
460 2622 682 2654 exeamus
713 2620 850 2660 omnus
875 2623 931 2655 u>
959 2615 1093 2656 1111031-

111 2685 188 2720 uos
214 2688 410 2717 JUVANDOS
439 2686 620 2716 sommas
648 2687 807 2726 11111011,
828 2688 877 2718 Au
905 2688 1025 2718 PRIMO
1042 2687 1095 2718 DE

106 2747 246 2787 30111111
272 2749 512 2786 omnnium
536 2748 591 2786 ur
617 2748 823 2779 romanu.

111 2861 152 2902 {-
180 2859 287 2910 Quid
303 2869 374 2912 per
411 2860 604 2902 eaercitia
630 2858 714 2902 boec
751 2859 1015 2915 siynifieetur.
1038 2876 1094 2892 -—

40 2918 264 2974 lPrincipio
284 2922 575 2973 explicandum
595 2934 615 2962 a
638 2921 758 2962 nobis
779 2926 841 2961 est
859 2922 957 2974 quid
977 2933 1093 2963 excr-

41 2981 251 3024 eoitiorum
271 2984 439 3023 nomine
459 2983 740 3035 intelligimus.
766 2984 959 3031 Quamvis
982 2984 1098 3024 enim.

38 3043 267 3096 illiquibus
298 3055 452 3083 nomen
482 3045 560 3083 hoc
593 3057 747 3083 novum
778 3044 981 3092 videatur,
1009 3055 1099 3087 non

40 3106 48 3142 l
64 3104 202 3144 tamen
222 3109 299 3152 est,
315 3104 388 3143 sed
408 3117 430 3143 a
454 3104 639 3144 Patribus
651 3110 910 3155 usurpatum.
927 3105 1030 3144 Nam
1047 3106 1092 3144 D.

40 3156 48 3208 l
65 3158 364 3216 Bonaveiitura,
377 3165 418 3203 in
430 3167 512 3204 fine
529 3166 651 3216 primi
671 3166 768 3205 tomi
781 3166 1098 3215 Opusculorum,

40 3232 48 3269 Ι
68 3226 227 3277 1111111311
253 3225 364 3276 quod
383 3227 622 3276 spiritualia
644 3226 832 3267 exercitia
851 3226 1094 3274 nominavit,

41 3292 48 3323 l
83 3276 88 3283 ⁵
126 3297 158 3324 se
185 3286 288 3325 adeo
304 3286 538 3325 necessaria
559 3299 650 3326 esse
667 3287 841 3333 censuit,
859 3290 904 3325 ut
923 3286 987 3324 his
1006 3297 1096 3325 ver·

40 3336 48 3387 1
144 3346 295 3386 librum
314 3347 505 3386 inchoet:
536 3347 588 3387 Ut
607 3348 651 3386 in
669 3347 884 3388 virtutibus
905 3357 1097 3387 conserve·

40 3412 48 3462 1
70 3405 146 3457 938,
166 3411 312 3458 oportet
328 3411 364 3447 te
382 3407 518 3447 babere
533 3409 722 3447 caercitia
738 3407 990 3459 spiritualia,
1011 3408 1096 3459 qui·

41 3464 48 3506 l
73 3461 151 3508 hs*
164 3467 340 3508 animum
363 3472 476 3508 tuum
506 3479 679 3519 occupes,
696 3469 792 3519 quia
817 3469 900 3507 nisi
934 3470 1006 3516 sit,
1022 3478 1098 3508 non

56 3543 59 3546 ⁴
69 3526 216 3579 noune
234 3529 278 3568 ia
301 3530 524 3569 virtutibus
540 3540 802 3579 perseverare.
822 3528 873 3568 Et
903 3528 1099 3580 deinceps

74 3581 253 3634 heviter
267 3589 386 3642 ponit
414 3589 614 3630 tredecim
646 3589 854 3639 exercitia,
875 3589 920 3629 in
949 3589 1099 3640 quibus

406 217 498 254 GAP.
519 218 566 256 V·
582 218 639 254 DE
657 218 964 255 spmlmfflsus
983 219 1227 262 zxmclrns.
1250 222 1304 257 m·
1325 224 1483 261 PRIMUM
1502 228 1601 269 Qum
1622 230 1726 271 SINT,
1750 232 1840 271 mu.

1153 297 1238 327 non
1269 292 1429 330 tantum
1461 293 1677 335 interiores
1697 301 1816 339 actus
1851 303 2107 352 pertinentes
2129 305 2186 346 ad

1150 352 1560 402 contemplationem,
1582 358 1644 395 vil
1664 359 1991 414 meditationem,
2012 370 2085 406 aut
2112 378 2185 408 eo-

1149 419 1245 449 rum
1262 413 1481 452 materiam
1490 416 1555 454 vel
1572 418 1757 468 modum,
1776 422 1850 461 sed
1864 425 1985 465 etiam
1999 427 2100 467 alios
2116 439 2187 474 ac-‚

1150 473 1217 510 tus
1236 475 1277 511 et
1309 474 1444 512 studia
1465 476 1677 528 virtutum,
1700 481 1778 522 sub
1805 495 1857 524 eo
1885 489 2052 529 nomine
2073 501 2184 531 com-

1148 532 1396 582 prehendit;
1423 536 1535 585 quod
1559 538 1756 590 frequens
1783 546 1906 585 estin
1940 549 2031 589 aliis
2056 550 2184 591 Patri-

1146 591 1242 638 bus,
1262 599 1303 633 et
1324 596 1604 645 spiritualibus
1623 601 1719 640 viris
1738 615 1916 654 quorum
1935 613 2183 652 sententiam

1152 653 1291 692 statim
1310 657 1575 708 attingemus.
1598 662 1688 709 Non
1708 669 1769 703 est
1783 671 1922 706 autem
1940 672 2078 711 minus
2098 674 2184 713 usi-

1148 718 1235 755 tata
1249 716 1418 767 locutio,
1437 731 1519 770 qua
1543 724 1737 763 exercitia
1759 727 1985 776 spiritualia
2001 745 2024 770 a
2039 745 2184 785 corpo·

1147 777 1306 818 ralibus
1326 780 1652 832 distinguuntur,
1670 786 2036 842 significanturque
2057 794 2182 834 inter*

1146 849 1214 878 nae
1235 839 1383 879 animae
1403 843 1695 885 meditationes
1713 859 1762 887 ac
1781 850 2068 901 cogitationes,
2094 855 2181 905 qui·

1150 897 1231 939 bus
1263 901 1316 939 ad
1335 902 1540 945 internam
1573 908 1720 946 animae
1756 910 1995 960 puritatem,
2012 917 2052 951 et
2088 926 2182 957 cum

1151 959 1237 1000 Deo
1265 963 1464 1004 unionem
1498 969 1788 1018 progreditur3
1810 971 1869 1010 sic
1893 972 1994 1011 dixit
2013 974 2181 1014 Bernar-

1152 1021 1246 1069 dus,
1267 1023 1311 1062 in
1331 1024 1402 1064 lib.
1437 1026 1489 1065 de
1509 1027 1600 1068 Vita
1633 1030 1828 1078 solitaria,
1851 1033 1904 1071 ad
1939 1034 2101 1074 Fratres
2130 1035 2182 1076 de

1149 1081 1290 1123 Monte
1321 1086 1408 1132 Dei,
1431 1088 1508 1126 col.
1530 1090 1580 1128 15
1603 1090 1666 1138 (si
1687 1093 1778 1142 eJ'us
1805 1097 1867 1131 est
1885 1093 1988 1133 illud
2017 1097 2147 1146 opus)
2170 1108 2180 1135 :

1151 1143 1345 1196 Sinculis
1362 1148 1472 1188 horis
1485 1153 1554 1189 tua
1574 1151 1764 1192 distribue
1779 1156 1984 1203 eaercitia,
2000 1156 2097 1207 quid
2107 1156 2184 1207 spi·

1146 1206 1318 1246 ritualia
1336 1210 1560 1261 spirituali,
1583 1213 1683 1263 quid
1711 1216 1935 1265 corporalia
1967 1217 2182 1266 corporali,

1144 1265 1189 1306 in
1219 1270 1361 1320 quibus
1387 1270 1447 1310 sic
1474 1272 1630 1312 exolvat
1662 1285 1773 1314 omne
1810 1275 1980 1315 debitum
2010 1279 2185 1326 spiritus

1149 1327 1245 1374 Dee,
1265 1333 1301 1369 et
1324 1341 1465 1382 corpus
1483 1334 1667 1382 spiritui,
1687 1337 1737 1375 ut
1754 1336 1792 1374 si
1812 1335 1904 1385 quid
1919 1338 2043 1386 fuerit
2060 1339 2185 1378 iuter-

1148 1391 1332 1438 missum,
1352 1393 1390 1431 si
1409 1393 1508 1443 quid
1526 1394 1760 1444 ueylectum,
1780 1397 1817 1436 si
1850 1398 1948 1448 quid
1973 1398 2184 1447 imperfec-

1150 1451 1249 1498 tum,
1270 1463 1340 1490 suo
1355 1454 1480 1500 modo,
1495 1465 1565 1494 suo
1582 1455 1676 1503 loco,
1692 1468 1763 1500 suo
1782 1461 2053 1506 temporumve
2072 1459 2186 1501 abeat

1147 1511 1404 1561 impunitum.
1432 1515 1479 1553 Et
1500 1516 1581 1557 001,
1607 1519 1671 1565 12,
1695 1529 1788 1555 011111
1809 1518 2000 1557 dixisset:
2026 1520 2185 1566 Quaeris

1147 1574 1247 1624 quid
1258 1585 1356 1622 aqas
1369 1578 1493 1616 autin
1509 1589 1582 1628 quo
1600 1582 1636 1616 te
1656 1580 1844 1631 occupes?
1866 1581 2050 1619 Primum
2070 1585 2184 1621 eatra

1147 1635 1423 1688 quotidianum
1445 1640 1669 1677 oratiorium
1690 1641 1953 1689 sacrificium,
1970 1641 2028 1681 cel
2054 1642 2186 1680 lectio-

1148 1696 1215 1735 nis
1228 1696 1420 1744 studium,
1440 1700 1685 1749 quotia'i'auce
1704 1703 1950 1741 conscientae
1972 1703 2185 1742 discussio-

1150 1757 1210 1804 ni,
1225 1759 1499 1807 emendationi,
1515 1772 1667 1801 morum
1691 1762 1959 1813 compositioni
1981 1775 2078 1814 pars
2110 1774 2185 1804 sua

1150 1817 1231 1857 diei
1246 1819 1473 1869 deneqanda
1487 1832 1565 1859 uon
1589 1826 1661 1860 est.
1680 1822 1829 1860 Deinde
1857 1824 2095 1871 operandam
2126 1826 2185 1863 est

1151 1877 1512 1928 aliquidmanz'hus,
1526 1883 1630 1932 quod
1640 1883 1888 1934 injungitur,
1901 1895 1978 1921 uon
1993 1884 2186 1934 tamquod

1152 1943 1331 1982 animum
1351 1942 1572 1981 delectando
1600 1944 1653 1981 ad
1677 1944 1816 1982 boram
1848 1944 2035 1991 detineat,
2066 1956 2186 1995 qaam

1152 2002 1256 2053 quod
1286 2002 1573 2053 spiritualibus
1598 2005 1749 2043 studiis
1776 2004 2067 2045 delectationem
2098 2017 2188 2045 con-

1152 2065 1280 2103 servet
1288 2067 1323 2102 et
1337 2065 1451 2103 nutri
1458 2068 1517 2109 at‚·
1529 2063 1666 2102 subdit
1679 2065 1848 2103 inferius
1860 2076 1869 2103 :
1880 2065 1929 2105 N
1928 2077 1975 2104 ou
1988 2067 2187 2115 spiritua-

1153 2122 1210 2162 lia
1219 2125 1414 2163 exercitia
1432 2127 1526 2163 suut
1538 2129 1702 2175 propter
1728 2126 1967 2176 corporalia,
1981 2127 2186 2178 sedcorpo-

1149 2184 1259 2224 ralia
1265 2189 1428 2234 propter
1445 2186 1695 2234 spiritualia.
1713 2185 1832 2225 Unde
1846 2190 2005 2224 constat
2031 2187 2185 2226 exerci-

1149 2246 1203 2284 tia
1215 2246 1443 2294 spiritualia
1454 2258 1598 2285 vocare
1609 2247 1841 2294 lectionem,
1856 2247 2182 2296 meditationem,

1150 2307 1408 2356 orationem,
1442 2311 1483 2347 ei
1521 2309 1785 2347 conscientiae
1817 2309 2182 2348 examinationem.

1147 2367 1198 2408 Et
1224 2367 1375 2407 eodem
1401 2368 1526 2407 modo
1556 2370 1738 2418 loquitur
1758 2369 1799 2410 S.
1831 2371 2121 2409 Bonaventura
2141 2370 2185 2410 in

1145 2428 1217 2467 lib.
1236 2428 1550 2469 Meditationum
1570 2430 1832 2475 vitaeChristi,
1848 2443 1881 2469 c.
1898 2432 1963 2470 56.
1983 2432 2047 2470 Sic
2060 2432 2186 2470 etiam

1146 2489 1375 2530 Ludovicus
1400 2491 1577 2538 Blosius‚
1599 2492 1639 2529 111
1670 2492 1929 2531 Institutione
1956 2492 2183 2543 spirituali,

1146 2562 1184 2591 ο.
1206 2552 1232 2590 5
1249 2564 1258 2590 ;
1275 2552 1390 2592 Bona
1410 2553 1563 2603 quidem
1584 2552 1670 2601 (ait)
1686 2556 1725 2592 et
1743 2553 1824 2591 Deo
1840 2557 1962 2601 yrata
1995 2556 2091 2593 sunt
2121 2564 2186 2593 ex-

1147 2615 1261 2653 terna
1287 2615 1496 2660 emere-itia,
1539 2613 1609 2652 sed
1639 2613 2002 2662 incomparabiliter
2043 2614 2184 2654 melius

1152 2678 1203 2714 :st
1218 2676 1449 2714 exercitium
1463 2674 1501 2712 in
1508 2677 1676 2720 ternum,
1688 2686 1763 2725 quo
1779 2674 2184 2724 homodesiderauter,

1147 2735 1405 2786 ardenterque
1418 2747 1457 2774 se
1477 2735 1530 2774 ad
1542 2735 1667 2773 Deum
1681 2745 1758 2773 non
1768 2746 1841 2785 per
1854 2746 2008 2783 seusus,
2025 2738 2061 2774 et
2077 2736 2185 2775 ima-

1144 2798 1277 2848 qiue&
1293 2797 1360 2836 sed
1375 2797 1483 2836 modo
1501 2797 1665 2846 quodam
1677 2796 1980 2847 supernaturali
1995 2796 2182 2844 extendit,

1144 2861 1192 2898 ut
1210 2860 1248 2898 ei
1270 2859 1454 2897 uniatur.
1477 2858 1526 2896 Et
1547 2857 1592 2895 in
1627 2868 1783 2895 canone
1810 2858 1899 2895 vitae
1937 2857 2183 2907 spiritualis,

1150 2929 1243 2970 cap.
1266 2919 1317 2956 16
1333 2931 1342 2957 ;
1359 2919 1539 2958 Lectione
1557 2918 1732 2970 (inquit),
1749 2920 1986 2969 precatione,
2012 2919 2186 2958 caeteris-

1152 2992 1224 3032 que
1251 2981 1536 3032 spiritualibus
1567 2981 1772 3020 exercitiis
1792 2979 1946 3020 deditus
1967 2984 2059 3019 esto.
2081 2981 2184 3018 Item

1150 3041 1193 3080 in
1227 3041 1405 3092 Speculo
1437 3041 1652 3092 spirituali,
1675 3052 1710 3079 0.
1737 3042 1800 3080 11.
1831 3041 1897 3080 Sic
1927 3041 2047 3079 etiam
2086 3039 2183 3079 dicit

1151 3101 1396 3142 Laurentius
1415 3103 1690 3150 Justinianus,
1712 3100 1783 3140 lib.
1808 3101 1859 3139 de
1874 3102 1960 3140 Vita
1984 3100 2180 3149 solitaria,

1151 3175 1242 3214 cap.
1267 3165 1285 3202 1
1310 3177 1319 3201 ;
1342 3163 1452 3204 Sunt
1474 3163 1712 3215 spiritualia
1731 3164 1925 3203 eaercitia
1944 3162 2080 3201 sedula
2098 3171 2183 3200 cor-

1150 3227 1213 3265 dis
1228 3227 1444 3265 intentione
1462 3225 1633 3265 colenda.
1657 3226 1706 3263 Et
1726 3225 1874 3263 similia
1896 3224 2020 3261 habet
2038 3225 2078 3261 in
2100 3232 2182 3261 ser-

1152 3298 1274 3325 mone
1295 3286 1347 3325 de
1369 3286 1515 3326 Christi
1537 3286 1762 3330 nativitate,
1786 3289 1825 3323 et
1843 3285 1883 3322 in
1905 3284 1974 3322 lib.
2005 3283 2054 3322 de
2078 3283 2182 3320 Obe-

1153 3346 1322 3395 dienlia,
1344 3359 1380 3385 c.
1407 3348 1457 3386 16
1477 3359 1486 3384 ;
1508 3345 1814 3386 Ambulautibus
1840 3343 2020 3394 (inquit)
2048 3343 2089 3380 in
2113 3340 2181 3379 via

1151 3418 1316 3458 prorsus
1333 3409 1558 3447 necessaria
1575 3409 1632 3445 est
1651 3407 1721 3443 lua
1734 3420 1750 3450 ‚·
1763 3404 1833 3443 boc
1851 3404 1894 3442 in
1913 3399 2179 3451 corporalibus

1153 3466 1377 3516 itineribus,
1393 3469 1464 3507 boc
1485 3469 1603 3506 etiam
1623 3467 1667 3505 in
1689 3464 1968 3517 spiritualibus
1982 3459 2180 3500 exercitiis

1148 3531 1264 3583 patet
1275 3545 1291 3574 ,·
1308 3540 1401 3568 uam
1419 3527 1650 3581 spiritualis
1667 3526 1756 3577 qais
1773 3525 1854 3563 siue
1867 3521 2046 3572 spiritali
2061 3520 2181 3561 lumi-

1153 3600 1202 3630 m
1223 3589 1372 3642 effugiit
1388 3587 1570 3644 laqueos?
1587 3597 1665 3629 nou
1693 3584 1855 3634 suffieit
1872 3581 2076 3622 naturalis
2088 3591 2184 3622 acu-
