2352 3880
713 100 733 121 (ι

209 291 458 335 servandam
477 299 568 328 esse
587 289 632 327 in
651 286 761 327 dicto
789 286 815 339 ξ
833 287 860 326 4
877 285 1125 339 praecipitur.
1161 285 1245 326 Do·

209 353 332 396 cendi
359 355 498 390 autem
521 352 618 388 sunt
638 348 772 399 pueri,
801 347 910 388 utin
938 359 989 387 ea
1015 345 1132 386 brevi
1150 357 1244 387 ora·

208 416 320 457 tione
348 412 431 451 duo
462 410 663 450 efficiant:
688 421 820 449 unum
843 412 919 457 est,
942 412 988 448 ut
1008 407 1146 448 omnia
1167 419 1244 447 sua

206 474 355 519 studia,
380 476 420 512 et
439 473 479 511 in
497 471 734 524 particulari
750 475 916 522 tempus
935 470 1039 509 illud
1060 474 1102 509 et
1118 469 1242 509 actio·

206 546 302 575 nem
331 534 376 572 in
409 534 540 572 Deum
568 533 766 573 referant.
796 531 914 580 Quod
943 532 1242 571 documentum

205 594 427 636 insinuavit
445 595 632 643 Basilius,
658 597 858 644 quantum
878 593 931 632 ad
951 592 1240 632 rectitudinem

205 655 456 703 intentionis,
487 657 529 696 in
563 669 652 707 reg.
691 657 785 704 292,
814 667 864 695 ex
895 654 1179 700 brevioribus3
1199 655 1241 691 et

204 718 372 760 Boetius
385 748 397 767 ,
428 718 497 757 lib.
521 717 573 757 de
593 717 815 768 Disciplina
834 717 1099 761 scholarium,
1127 725 1163 753 c.
1183 714 1236 763 63

203 779 327 821 latius
358 779 578 832 Dionysius
608 779 794 818 Carthus.
812 808 822 824 ,
858 777 928 816 lib.
963 776 1014 815 de
1044 776 1237 815 Doctrina

203 842 469 890 scholarium,
504 841 676 880 articulo
696 838 907 890 vigesimo.
938 837 1060 876 Aliud
1081 841 1157 884 est,
1192 840 1237 876 ut

202 907 443 943 assuescant
464 915 487 942 a
508 903 591 941 Deo
610 901 821 952 postulare
842 899 1017 950 gratiam
1037 898 1091 937 ad
1112 898 1237 949 profi-

203 964 393 1005 ciendum
412 965 453 1001 in
471 962 626 1001 studiis.
651 961 766 1007 Quod
786 961 839 999 ad
859 972 1004 999 omnes
1021 959 1123 998 alias
1140 959 1235 999 vitae

203 1026 386 1067 actiones
403 1023 482 1063 illis
501 1023 620 1062 valde
637 1023 738 1061 utile
756 1034 846 1062 esse
865 1022 1029 1072 poterit.

253 1087 293 1127 6.
328 1085 516 1133 Quintum
548 1085 734 1131 medium,
766 1096 812 1123 ne
840 1084 1112 1135 proeleqantur
1140 1080 1234 1122 libri

200 1147 312 1189 bonis
329 1147 505 1186 moribus
519 1144 645 1192 noxii,
671 1145 774 1196 quod
789 1145 979 1185 suadetur
1000 1143 1236 1184 auctoritate

202 1208 482 1251 Consiliorum.
508 1228 560 1236 -
586 1206 734 1252 Quinto
752 1205 985 1257 specialiter
1005 1208 1175 1243 cavetur
1194 1204 1235 1245 iu

201 1268 583 1315 constitutionibus,
608 1272 754 1319 quarta
774 1272 907 1318 parte,
937 1278 972 1306 c.
997 1268 1062 1314 14,
1083 1265 1107 1317 ἓ
1127 1267 1167 1313 2,
1191 1268 1236 1304 ut

200 1333 474 1384 praeceptores
496 1330 728 1369 abstineant
749 1330 801 1368 ab
819 1330 877 1369 eis
897 1329 1011 1368 libris
1028 1326 1235 1376 juventuti

200 1392 485 1444 praelegendis,
507 1392 551 1431 in
571 1392 720 1441 quibus
742 1392 793 1428 sit
813 1388 966 1438 aliquid
985 1386 1093 1437 quod
1115 1386 1235 1425 bonis

198 1455 382 1494 moribus
397 1464 548 1491 nocere
567 1455 706 1502 queat.
728 1450 844 1497 Quod
864 1450 948 1489 fere
970 1449 1127 1488 eisdem
1146 1460 1236 1487 ver-

197 1515 262 1554 bis
279 1514 380 1552 dixit
396 1514 622 1552 Concilium
639 1513 916 1552 Lateranense
935 1523 1060 1562 supra
1078 1522 1088 1548 :
1111 1509 1236 1551 Nibit

198 1576 285 1626 (ait)
309 1580 445 1617 eontra
467 1577 581 1616 bonos
601 1588 741 1622 mores,
771 1579 842 1615 aut
860 1576 963 1627 quod
979 1575 1031 1614 ad
1047 1574 1234 1625 impieta-

199 1641 273 1679 tem
289 1639 467 1686 inducat,
478 1650 539 1678 eos
554 1639 686 1678 docere
698 1637 868 1689 possint.
884 1638 971 1675 Alia
992 1636 1116 1674 etiam
1132 1635 1236 1673 Con-

199 1699 305 1746 cilio,
319 1712 410 1750 quae
424 1699 475 1738 de
490 1699 568 1738 hac
583 1711 810 1750 puerorum
831 1698 1060 1737 eruditione
1082 1695 1237 1746 aliquid

199 1765 455 1809 statuerunt,
478 1762 530 1800 ab
550 1762 613 1799 his
633 1761 747 1799 libris
763 1791 772 1806 ‚
793 1760 861 1811 qui
884 1761 1101 1798 obscoenas
1120 1758 1237 1795 fabu-

198 1821 259 1862 las
284 1827 324 1862 et
347 1823 570 1862 comoedias
591 1822 818 1869 continent,
841 1821 1050 1860 abstinere
1071 1820 1219 1871 jubent

199 1888 244 1923 ut
276 1885 417 1923 videre
448 1885 543 1923 licet
578 1884 622 1923 in
656 1884 836 1922 Concilio
870 1881 1121 1928 Coloniensi,
1159 1881 1226 1919 sul

201 1944 401 1997 Adolpho,
424 1948 441 1985 1
458 1958 517 1996 p.,
536 1957 572 1984 c.
591 1945 639 1984 3:
662 1946 836 1984 Interest
853 1945 1002 1994 (inquit
1019 1944 1124 1982 inter
1139 1937 1232 1990 alia)

201 2011 246 2048 ut
276 2012 430 2048 tantum
463 2007 587 2053 casti,
614 2006 700 2055 pii,
728 2009 765 2044 et
797 2005 983 2056 reliqioni
1014 2004 1235 2043 orthodoxa

200 2069 481 2110 consentiente-s
495 2071 674 2106 auctores
687 2066 978 2117 praelegantur.
999 2064 1115 2112 Quod
1129 2064 1144 2114 j
1152 2063 1235 2102 udi

200 2131 310 2170 cium
330 2141 414 2167 non
434 2128 519 2167 vult
540 2139 630 2166 esse
651 2139 781 2178 penes
802 2139 960 2174 omnes,
983 2131 1021 2164 et
1043 2126 1137 2164 ideo
1156 2130 1236 2164 sta-

200 2192 275 2231 tuit
297 2194 340 2230 ut
361 2190 498 2228 nullus
519 2189 622 2228 liber
642 2189 892 2239 praelegatur
910 2188 1130 2239 juventuti,
1157 2186 1235 2225 nisi

201 2253 254 2292 ad
274 2253 350 2290 hoc
371 2251 630 2290 examinatus
651 2250 717 2297 sit,
743 2254 782 2289 et
801 2250 1006 2288 admissus
1028 2262 1052 2288 a
1071 2250 1235 2287 Decano

201 2314 352 2352 artium
378 2313 596 2352 Catholicae
625 2311 917 2350 universitatis.
943 2311 1058 2350 Idem
1081 2321 1233 2361 praece-

200 2375 260 2426 pit
296 2374 518 2412 Concilium
552 2372 861 2412 Mediolanense
895 2374 913 2411 I
929 2400 939 2418 ,
976 2372 1054 2410 sub
1092 2371 1234 2410 Carolo

201 2435 462 2482 Borromaeo,
480 2446 521 2485 p.
546 2436 565 2473 1
581 2463 591 2481 ,
615 2446 650 2473 c.
673 2434 726 2472 de
753 2434 854 2473 Ludi
874 2433 1084 2484 magistris
1105 2445 1115 2469 τ
1140 2433 1233 2474 Nor

201 2497 328 2538 solum
348 2494 508 2547 (inquit)
528 2496 652 2534 libros
670 2496 800 2536 indice
829 2494 878 2536 S.
914 2496 964 2535 D.
997 2494 1054 2535 N.
1078 2492 1150 2532 Pii
1168 2493 1223 2533 I}

202 2559 437 2600 auctoritate
459 2558 558 2597 edito
578 2558 814 2596 nominatim
843 2557 983 2597 vetitos
1008 2554 1141 2605 pueris
1160 2565 1236 2593 nou

202 2619 528 2671 interpretentur,
547 2620 621 2658 aut
639 2618 688 2657 ab
706 2618 792 2657 illis
810 2618 886 2670 Zeqi
903 2618 1118 2669 patiantur
1134 2631 1150 2662 ;
1172 2616 1240 2655 seb'

202 2690 321 2732 neque
346 2681 468 2720 etiam
499 2679 616 2728 alios,
654 2679 794 2730 quibus
828 2679 1002 2718 obseoena
1031 2681 1066 2717 et
1099 2676 1233 2726 turpia

203 2742 481 2783 eontinentur:
499 2739 612 2790 quod
636 2740 760 2778 etiam
779 2739 821 2777 in
843 2739 988 2789 regula
1008 2741 1031 2778 7
1054 2736 1234 2788 Catalogi

205 2804 325 2842 Rom.
349 2806 518 2841 cautum
546 2804 637 2849 est3
666 2800 813 2839 similia
842 2801 970 2838 videri
995 2803 1170 2850 possunt
1190 2799 1233 2838 in

205 2862 372 2914 synodo
399 2861 664 2911 Aug-astensi,
689 2873 779 2912 cap.
804 2860 1004 2911 vigesimo
1037 2864 1168 2906 sexto,
1195 2863 1231 2899 ct

204 2923 247 2964 in
265 2923 431 2974 Synodo
447 2922 706 2973 Moguntina,
729 2922 805 2960 sub
822 2922 1079 2966 Sebastiano,
1103 2932 1138 2960 c.
1159 2921 1231 2967 363

205 2984 379 3025 refertur
410 2984 535 3022 etiam
564 2982 756 3034 Synodus
786 2981 1003 3021 Valentiua
1030 2981 1108 3021 sub
1134 2982 1232 3021 Mar-

152 3086 157 3090 ,
205 3046 291 3087 tino
310 3045 453 3096 Ayala‚
473 3056 575 3083 sess.
597 3045 636 3091 1,
656 3055 748 3096 quae
765 3056 850 3089 non
866 3044 1045 3086 habetur
1057 3044 1101 3086 in
1117 3045 1239 3085 tomis

206 3107 496 3149 conciliorum.

258 3169 301 3210 ¹1.
330 3169 435 3210 Item
462 3163 617 3208 ratione
638 3176 688 3209 ew
712 3167 924 3209 Patribus.
952 3187 1008 3199 -
1048 3168 1239 3212 Venenum

209 3229 255 3272 in
284 3241 383 3270 auro
398 3259 412 3279 ,
448 3228 653 3282 turpitudo
687 3229 734 3269 in
769 3229 1002 3281 eloquentia.
1036 3250 1089 3260 -
1121 3228 1239 3268 Ratio

209 3289 320 3331 clara
340 3293 416 3338 est,
437 3293 536 3341 quia
554 3290 630 3329 sub
650 3291 787 3341 specie
809 3290 1072 3342 eloquentiae,
1092 3293 1133 3328 et
1152 3289 1241 3328 dul-

209 3351 355 3392 cedine
387 3351 524 3390 latinae
555 3351 707 3403 linguae
721 3381 734 3400 ,
764 3354 806 3390 et
834 3363 910 3403 per
937 3351 1240 3392 oblectamenta

208 3412 443 3454 fabularum
463 3424 610 3464 pravas
630 3412 899 3464 cogitationes
918 3412 1170 3459 immittunt,
1197 3417 1239 3454 et

210 3486 348 3515 mores
366 3474 604 3513 inhonestos
626 3473 802 3521 docent;
828 3474 912 3512 imo
931 3478 1114 3513 mentem
1133 3475 1237 3514 exci-

213 3540 300 3579 tant
320 3537 374 3577 ad
385 3536 591 3576 incentiva
608 3535 839 3584 libidinum,
860 3539 907 3575 ut
923 3535 1101 3576 Isidorus
1120 3537 1234 3588 dixit,

210 3596 284 3638 lib.
309 3599 334 3638 3
359 3598 412 3638 de
435 3599 607 3639 Summo
633 3597 760 3648 hono,
776 3609 813 3638 c.
837 3599 911 3648 13,
939 3601 981 3638 et
1002 3596 1235 3641 referturiis.

525 217 600 262 LiB.
617 223 660 257 V.
682 221 737 257 DE
756 219 1044 257 scnomsrmts
1063 221 1119 258 Ac
1137 219 1298 257 srunus
1318 218 1566 258 sumemus.
1590 216 1683 252 TAM
1697 214 1896 258 ΙΝἹῈΒΜΒ,
1916 211 2010 252 ETG.

1293 296 1333 326 c.
1354 284 1449 324 Ideo
1462 283 1708 335 prohibetur,
1725 282 1774 322 37
1794 282 1838 322 d.
1855 281 1973 323 Unde
1986 286 2101 325 recte
2115 281 2173 331 θ’
2192 273 2258 331 ρ’

1294 345 1406 386 hom.
1432 345 1458 384 2
1477 345 1521 384 in
1538 345 1720 393 Jerem„
1741 344 1980 395 hujusmodi
2003 345 2132 384 libros
2157 357 2252 387 coar)

1295 411 1358 448 rat
1377 406 1493 445 calici
1510 418 1654 454 aureo,
1671 405 1715 444 in
1733 417 1815 457 quo
1832 417 2040 445 venenum
2057 407 2229 459 propina
2316 431 2320 437 ·

1303 468 1580 519 Unusquisque
1599 467 1775 518 (inquit)
1793 471 2014 518 poetarum,
2039 468 2108 520 qui
2129 474 2217 519 put
2251 483 2254 488 ’
2277 474 2282 481 ”
2311 460 2319 481 ⁴

1294 531 1404 582 apud
1424 541 1490 569 vos
1509 528 1683 580 (scilicet
1703 529 1902 580 ethnicos)
1933 529 2202 578 disertissimi,
2233 551 2258 565 ,ι
2282 522 2298 582 ’

1295 603 1374 632 cem
1394 603 1554 631 aureum
1584 594 1817 644 temperavit
1836 591 2003 643 (scilicet
2034 603 2108 642 per
2129 592 2310 644 eloqu·

1293 653 1360 692 tiae
1380 657 1586 702 ornatum,
1601 657 1641 693 et
1661 653 1755 705 styli
1776 653 2084 704 eloquentiam),
2104 657 2142 693 et
2163 654 2206 693 in
2232 649 2313 705 1]

1293 727 1372 756 cem
1401 726 1578 763 aureum,
1609 726 1795 755 venenum
1830 715 1967 766 injecit
1999 713 2256 765 idololatriae,
2283 722 2308 768 J

1292 788 1476 817 venenum
1497 777 1756 829 tarpftoquii‚
1777 787 1964 817 venenum
1983 787 2114 816 eorum
2134 788 2221 827 quoe
2244 795 2253 811 s

1291 849 1396 878 mam
1415 839 1651 877 interimunt
1675 839 1914 890 doqniatum,
1932 850 2112 877 venenum
2135 837 2234 887 falsi
2272 861 2273 864 =

1290 900 1414 938 minis
1440 900 1628 938 scientiae.
1652 899 1701 938 Et
1718 899 1762 937 in
1790 899 1937 938 eadem
1959 899 2161 937 sententia
2192 898 2297 938 mul

1291 960 1429 998 scribit
1450 959 1721 1011 Augustinus,
1738 959 1809 999 lib.
1834 963 1852 999 1
1877 961 2206 1005 Contesstonum‚
2229 971 2276 999 ca
2288 978 2319 1011 «μ’

1291 1022 1451 1061 decimo
1482 1022 1601 1061 tertio
1635 1026 1676 1062 et
1706 1022 1996 1074 sequentibus3
2019 1028 2061 1063 et
2094 1021 2277 1073 specialit

1291 1098 1382 1137 cap.
1403 1086 1563 1124 decimo
1592 1089 1721 1133 sexto,
1744 1086 1796 1125 de
1814 1086 2005 1124 Terentio
2025 1085 2215 1135 loquens,
2238 1083 2294 1124 ait

1290 1147 1339 1189 N
1339 1159 1387 1186 on
1407 1158 1561 1186 omnino
1587 1158 1661 1198 per
1680 1149 1781 1187 bano
1800 1147 2084 1198 turpitudinem
2107 1147 2223 1186 verba
2241 1138 2352 1202 istafl

1291 1209 1527 1248 commodius
1551 1209 1776 1254 discuntur,
1798 1209 1864 1246 sed
1877 1220 1946 1258 per
1976 1209 2055 1247 Izoee
2082 1209 2214 1255 verba,
2236 1211 2352 1264 tur-25!

1287 1271 1427 1320 pitudo
1451 1269 1532 1308 ista
1561 1268 1821 1318 confidentius
1847 1271 2118 1319 perpetratur.
2142 1270 2238 1310 Non
2257 1280 2352 1310 aed-⁷

1288 1341 1381 1369 cuso
1413 1329 1544 1375 verba,
1570 1330 1687 1378 quasi
1715 1341 1814 1371 vasa
1843 1330 1961 1370 electa
1987 1333 2102 1380 atque
2130 1322 2352 1380 pretiosa,·'j

1289 1391 1357 1429 sed
1377 1391 1512 1429 vinum
1533 1390 1697 1438 erroris,
1719 1390 1821 1441 quod
1837 1391 1880 1429 in
1899 1392 1954 1431 eis
1968 1392 2258 1442 propinabatur
2275 1391 2323 1433 ab
2344 1407 2346 1413 ·

1290 1451 1410 1492 ebriis
1442 1451 1681 1491 doctoribus.
1717 1451 1821 1489 Item
1858 1450 2154 1502 Hieronymus,
2180 1453 2225 1492 iu
2253 1453 2324 1494 Jo-

1290 1523 1400 1558 nam,
1425 1523 1459 1551 c.
1482 1514 1521 1559 3,
1546 1512 1653 1550 circa
1675 1512 1816 1560 finem,
1837 1512 1890 1551 ad
1908 1513 1986 1551 hoc
2007 1513 2140 1563 ipsum
2161 1525 2323 1554 accom-

1292 1573 1432 1612 modat
1458 1573 1566 1612 dicta
1589 1573 1714 1612 verba
1747 1574 1899 1613 Jerem.
1923 1577 1968 1613 51
1997 1586 2011 1613 ι
2033 1575 2151 1615 Catia:
2177 1587 2323 1618 aureus

1292 1635 1488 1685 Babylon,
1524 1635 1724 1674 inebrians
1758 1646 1905 1675 omnem
1943 1638 2108 1684 terram,
2143 1636 2285 1676 dicens
2309 1647 2323 1677 z

1295 1697 1413 1744 Quem
1432 1708 1508 1735 non
1523 1697 1737 1737 inebriavit
1757 1697 1954 1747 sapientia
1969 1698 2190 1745 saecularis,
2209 1699 2324 1749 eujus

1291 1770 1367 1798 non
1391 1759 1544 1797 animos
1565 1751 1842 1810 compositione
1860 1759 2078 1805 verborum,
2106 1762 2144 1798 et
2164 1760 2325 1801 diserti-

1291 1820 1442 1860 tudinis
1460 1831 1543 1860 suoe
1575 1820 1735 1870 falqore
1761 1819 2036 1873 perstrinqet?
2054 1821 2240 1872 Denique
2271 1832 2324 1862 ex

1291 1882 1441 1921 Basilio
1461 1882 1513 1919 ad
1536 1885 1707 1931 nepotes
1735 1892 1830 1921 suos
1863 1883 1989 1921 refert
2023 1884 2161 1922 Castro
2178 1883 2205 1931 ¹,
2227 1883 2320 1924 libr.

1291 1945 1410 1983 tertio
1432 1944 1482 1982 de
1502 1945 1619 1982 Justa
1639 1944 1820 1983 haeretic.
1840 1945 1989 1995 punit„
2014 1957 2103 1996 cap.
2130 1958 2239 1985 nono
2264 1946 2324 1996 (in

1291 2017 1372 2056 quo
1390 2005 1511 2044 simul
1529 2017 1622 2043 cum
1639 2005 1885 2055 praecedenti
1900 2006 1950 2044 de
1966 2007 2041 2044 hoc
2059 1993 2327 2056 argument&

1293 2071 1332 2105 et
1354 2067 1405 2105 de
1426 2067 1540 2105 deles
1545 2071 1588 2105 tu
1607 2066 1649 2104 in
1667 2066 1842 2105 lectione
1862 2067 2059 2105 libioium
2081 2068 2145 2117 pie
2171 2073 2210 2107 et
2228 2050 2327 2134 eru-J

1292 2127 1375 2169 dite
1394 2128 1587 2177 disseiit),
1605 2127 1731 2166 refeit
1747 2128 1941 2179 (inquam)
1957 2129 2178 2167 Gentilium
2198 2130 2327 2191 libros

1289 2201 1341 2229 oa
1362 2190 1608 2228 discretione
1627 2189 1827 2240 legendos
1849 2202 1960 2237 esse,
1983 2203 2095 2240 qua
2085 2204 2186 2244 apes
2202 2196 2325 2234 natu-

1290 2251 1432 2292 ralitei
1455 2253 1650 2289 utuntur:
1671 2251 1779 2302 Apes
1795 2252 1898 2291 enim
1919 2252 2083 2304 (iuquit)
2105 2268 2180 2294 non
2201 2233 2327 2310 omni--¹

1291 2313 1361 2352 bus
1380 2313 1548 2363 floribus
1570 2312 1758 2359 insident,
1779 2324 1898 2364 neque
1921 2325 1968 2355 em
1988 2316 2055 2363 iis,
2075 2317 2128 2356 ad
2147 2329 2241 2368 quos
2257 2331 2323 2360 ao-

1292 2377 1444 2422 cedunt‚
1474 2376 1605 2414 omnia
1626 2378 1788 2424 auferre
1811 2381 2016 2425 conantur,
2036 2381 2105 2418 sed
2131 2384 2324 2430 quantum

1290 2438 1391 2488 ipsis
1418 2442 1680 2488 opportunum
1698 2439 1842 2486 fuerit,
1863 2440 2059 2491 reliquum
2088 2442 2296 2484 dimittunt
2304 2433 2326 2499 ,ἦ

1291 2501 1349 2539 sie
1368 2510 1454 2546 nos,
1475 2502 1520 2537 ut
1542 2500 1666 2538 sobrii
1685 2500 1954 2552 sapientesque
1972 2503 2110 2549 simus,
2133 2507 2323 2554 quantum

1290 2563 1400 2601 nobis
1420 2573 1541 2610 eonqr
1546 2573 1637 2601 uum
1658 2573 1703 2601 ao
1724 2562 1888 2602 veritati
1913 2565 2179 2615 propinquam
2199 2578 2245 2605 ea·
2262 2567 2326 2629 ip-²

1293 2624 1350 2662 sis
1378 2623 1504 2672 fuerit
1520 2634 1818 2674 persequemur,
1845 2624 1998 2675 reliqua
2025 2630 2327 2675 praeeo-hamus·

1293 2685 1352 2724 Et
1379 2685 1483 2723 sieut
1503 2685 1546 2722 in
1570 2684 1743 2736 Zeqendis
1769 2684 1871 2724 rosis
1895 2689 2019 2725 sentes
2044 2690 2234 2736 vitamus,
2260 2689 2323 2731 sio

1292 2747 1336 2785 in
1367 2746 1514 2784 talibus
1533 2745 1790 2790 sermonibus,
1815 2745 2006 2796 quidquid
2038 2751 2095 2787 est
2128 2750 2227 2789 utile
2259 2761 2323 2791 cae

1293 2807 1456 2860 pientes,
1477 2806 1640 2844 nonium
1657 2807 1847 2851 vitemus;
1863 2807 2008 2845 similla
2024 2811 2130 2848 sumi
2153 2813 2322 2861 possunt
2343 2807 2346 2810 ’

1292 2879 1342 2908 ex
1373 2869 1642 2914 Damasceno,
1675 2867 1747 2907 lib.
1773 2870 1799 2906 4
1830 2868 1880 2907 de
1911 2868 2022 2918 Fide,
2046 2885 2079 2911 c.
2107 2874 2168 2912 18.
2204 2875 2321 2915 Hunc

1291 2932 1427 2968 autem
1452 2928 1655 2967 delectum
1678 2941 1761 2968 non
1786 2936 1959 2980 possunt
1993 2933 2147 2975 habere
2180 2935 2337 2987 pueri3'2

1294 2994 1334 3030 ct
1347 2989 1439 3028 ideo
1459 2990 1562 3028 tales
1579 2990 1671 3028 libii
1691 2991 1754 3030 vel
1769 2991 1848 3030 illis
1867 2994 2035 3032 omnino
2055 2996 2106 3034 le
2098 2998 2221 3044 „rendi
2238 3004 2339 3049 non,e

1294 3055 1404 3098 sunt,
1426 3051 1490 3089 vel
1519 3063 1603 3090 non
1630 3052 1711 3092 nisi
1733 3053 1851 3103 prius
1877 3066 1902 3093 a
1928 3056 2042 3096 rebus
2061 3061 2098 3097 et
2117 3060 2244 3099 verbis
2261 3060 2327 3100 iu·

1294 3111 1467 3153 honestis
1482 3114 1650 3164 purqati
1672 3114 1769 3162 sint,
1783 3118 1827 3154 ut
1846 3115 1887 3153 in
1908 3117 2101 3166 praedicta
2123 3053 2345 3161 Constitu-j

1293 3172 1406 3212 tione
1437 3174 1533 3213 dixit
1554 3174 1601 3213 B.
1623 3174 1825 3225 ignatius;
1848 3178 1958 3226 quod
1984 3179 2017 3216 si
2037 3181 2204 3232 purgari
2236 3187 2323 3222 non
2346 3170 2349 3175 ⁵

1293 3236 1515 3286 potuerint,
1535 3235 1793 3286 abjiciantur,
1820 3250 1867 3278 ne
1884 3251 2018 3279 rerum
2039 3245 2214 3292 qualitas
2232 3254 2257 3283 a

1293 3309 1445 3336 morum
1463 3299 1679 3348 puritatem
1700 3300 1890 3350 offendat,
1922 3304 1966 3340 ut
1985 3301 2133 3341 ibidem
2165 3303 2207 3342 in
2241 3303 2275 3343 D
2301 3318 2305 3321 ·

1294 3358 1434 3397 clarat.
1471 3358 1632 3397 dicitur.
1665 3358 1768 3398 Sunt
1799 3361 1922 3400 etiam
1957 3364 2109 3414 optima
2132 3364 2186 3402 ad
2212 3351 2306 3403 hau*

1293 3420 1509 3461 veritatem
1529 3419 1857 3462 confirmandam
1872 3423 1997 3465 verba
2017 3424 2167 3472 Basilii,
2182 3437 2258 3478 reg

1344 3537 1494 3643 ¹¹2Vide
1517 3538 1712 3583 eumdem
1730 3542 1886 3592 Castro,
1903 3544 1927 3582 1
1945 3542 2094 3583 Contra
2120 3543 2254 3585 haeres
2270 3594 2276 3600 ,

1292 3610 1328 3643 ο.
1403 3631 1412 3640 .
