2352 3880
129 261 184 296 An
205 258 313 293 etiam
333 258 509 302 religione
522 255 640 297 mista,
661 253 711 288 ib.

128 309 266 352 Religio
281 309 386 343 mista
400 312 451 342 est
465 305 657 350 perfectior
671 307 707 338 et
724 301 984 338 commodatior
994 303 1158 336 contem-

169 359 315 402 plativa,
334 358 384 390 ib.

169 409 246 443 Non
268 411 389 440 tamen
407 404 581 446 securior,
604 402 655 437 ib.

169 458 352 498 Quomodo
382 465 465 499 pars
492 454 608 489 activa
636 460 711 487 non
736 450 878 486 minuat
897 449 1157 495 perfectionem

169 506 466 549 contemplativae,
484 505 534 539 ib.

125 557 354 599 Religionum
367 555 483 598 major
492 553 550 589 vel
568 551 691 587 minor
702 546 875 595 perfectio
887 549 986 586 unde
999 548 1157 585 discerni

168 607 308 646 debeat,
330 605 379 638 ib.

125 655 263 698 Religio
283 656 422 697 integra
442 657 478 688 et
492 651 650 696 perfecta
665 651 834 686 constitui
857 653 972 694 potest
992 659 1056 694 per
1077 653 1160 685 vota

167 709 306 740 tantum
329 703 523 747 simplicia,
537 707 580 738 tr.
602 706 654 744 10,
672 702 697 735 l.
715 706 746 742 6,
763 710 794 736 c.
811 706 839 736 3.

166 756 242 790 lmo
265 758 379 797 potest
397 762 473 788 esse
496 752 686 796 pertectior
703 752 774 785 alia
794 751 983 793 religione,
998 756 1079 793 quae
1094 757 1159 793 per

165 804 342 838 solemnia
356 807 437 838 vota
455 803 703 841 constituatur,
721 801 745 834 l.
771 805 801 841 ³,
827 809 857 834 c,
876 802 907 833 Ιι.

124 854 324 897 Religionis
350 858 460 888 status
480 862 544 896 per
561 856 643 886 vota
665 850 845 893 simplicia
873 858 919 883 an
943 849 1015 883 dici
1034 849 1161 894 debffflss

166 905 212 939 de
240 905 320 946 jure
346 905 506 938 humano
523 930 530 944 ,
547 905 582 935 et
603 904 713 934 status
732 908 796 942 per
819 902 899 933 vota
920 894 1113 954 solemni÷i{,

164 954 245 996 jure
263 953 403 995 divino,
422 953 470 986 ita
483 954 524 985 ut
546 951 585 983 in
603 951 671 984 hoc
692 949 848 983 maxime
865 948 1032 991 differant
1045 949 1081 982 hl
1094 945 1161 983 :224-

164 1006 224 1037 tus
252 1011 283 1036 c.
302 1006 332 1036 3.

122 1030 275 1095 Religio,
300 1052 376 1085 sive
398 1049 461 1083 reli
480 1049 566 1089 -giosa
581 1046 833 1087 communitas,
847 1054 894 1079 an
909 1049 944 1080 et
961 1054 1034 1089 quo
1048 1047 1106 1081 Su*
1145 1064 1161 1072 -

165 1103 263 1136 riore
287 1101 446 1142 indigeat
466 1102 507 1133 ut
527 1098 749 1141 gubernetur
761 1099 796 1130 et
809 1098 1081 1131 conservetur.t
1127 1099 1159 1138 8,

167 1153 192 1186 l.
217 1155 248 1189 2,
274 1160 303 1185 c.
321 1152 352 1183 1.

164 1203 218 1237 An
236 1200 397 1242 indigeat
423 1197 614 1240 superiore
640 1196 795 1230 habente
820 1199 1028 1238 potestatem
1047 1197 1160 1238 juris-

167 1250 351 1291 dictionis,
367 1256 413 1282 an
429 1248 546 1282 solum
563 1250 771 1290 potestatem
792 1245 1065 1288 dominativam,
1090 1247 1137 1279 ib.

122 1299 329 1342 Religiones
348 1298 495 1341 quando
510 1296 714 1340 inceperint
734 1303 810 1330 esse
827 1299 999 1339 exemptae
1016 1297 1061 1330 ad
1074 1297 1161 1338 Epi-

167 1350 297 1391 scopis,
322 1349 345 1381 l.
365 1351 396 1388 1,
420 1356 451 1381 c.
473 1351 525 1380 10.

123 1398 275 1442 Religio,
297 1406 339 1432 eo
355 1398 432 1440 ipso
447 1397 545 1440 quod
562 1399 615 1430 est
628 1398 802 1438 exempta,
819 1403 840 1428 a
852 1395 928 1429 solo
947 1395 1041 1438 Papa
1056 1396 1162 1430 habet

163 1448 468 1491 Jurisdictionem,
484 1450 519 1480 et
533 1455 608 1480 non
625 1447 669 1480 ab
692 1445 888 1489 Episcopis,
905 1445 929 1479 l.
948 1448 979 1487 2,
997 1453 1027 1479 c.
1047 1448 1099 1478 12.

123 1497 264 1540 Religio
289 1506 363 1532 non
390 1500 503 1540 potest
517 1497 643 1531 cedere
659 1497 697 1530 in
726 1498 939 1539 perpetuum
952 1495 1044 1537 iure,
1066 1495 1164 1538 quod

164 1547 273 1582 habet
291 1548 337 1581 ad
356 1546 601 1581 revocandum
615 1546 801 1588 religiosos
816 1545 999 1588 expulsos,
1016 1545 1163 1588 quando

164 1596 375 1639 expedierit,
390 1596 414 1629 l.
432 1599 464 1638 8,
482 1603 513 1630 c.
534 1599 566 1630 ὅ.

123 1646 179 1682 An
204 1646 332 1690 religio
354 1649 518 1680 teneatur
539 1645 701 1688 recipere
727 1644 858 1678 iterum
882 1652 905 1678 a
928 1651 967 1678 se
984 1643 1164 1686 expulsos,

167 1695 217 1729 ib.

123 1744 349 1787 Religionem
375 1741 517 1786 ingredi
534 1741 696 1777 volentes
718 1749 805 1777 vero
825 1741 949 1776 animo
972 1741 1164 1784 profitendi

166 1794 206 1828 in
220 1803 274 1832 ea,
291 1793 426 1826 absolvi
447 1796 598 1835 possunt
611 1802 632 1825 a
647 1792 899 1836 Superioribus
915 1791 1012 1825 illius
1025 1792 1070 1825 ab
1083 1800 1164 1826 om-

165 1844 276 1878 nibus
298 1843 440 1876 casibus
465 1845 500 1876 et
516 1843 697 1884 censuris,
716 1843 823 1876 etiam
844 1841 1051 1883 Pontificiis,
1075 1850 1116 1875 ac
1134 1841 1166 1876 si

165 1893 239 1934 jam
253 1896 372 1926 essent
383 1892 460 1926 veri
474 1892 632 1934 religiosi
648 1903 656 1934 3
674 1892 885 1926 reincidunt
901 1895 1020 1925 tamen
1039 1891 1078 1924 in
1091 1899 1168 1926 eas-

166 1942 250 1975 dem
270 1950 397 1984 poenas
414 1941 444 1975 si
462 1950 545 1975 mox
562 1942 702 1984 ingredi
727 1942 921 1983 noluerint,
943 1949 974 1975 c.
989 1944 1041 1974 2⁴.

123 1989 266 2034 Religio
287 1992 424 2025 habens
443 1995 650 2034 potestatem
667 1992 847 2025 condendi
869 1991 936 2024 sibi
954 1994 1082 2024 statuta
1101 1995 1166 2033 po-

166 2044 234 2075 test
246 2042 402 2075 condere
419 2045 576 2074 statuum
592 2041 812 2074 contrarium
825 2041 897 2081 juri
917 2041 1094 2075 canonico
1104 2039 1162 2077 vel

166 2090 276 2124 etiam
299 2090 468 2130 naturali,
487 2089 713 2131 concedenti,
733 2093 771 2122 ut
787 2093 916 2123 vocant
932 2101 939 2131 ;
957 2099 1020 2123 seu
1045 2091 1164 2132 (quod

164 2139 263 2173 idem
294 2139 364 2180 est)
395 2139 617 2172 contrarium
641 2138 694 2170 illi
723 2139 908 2181 negative3
938 2147 1010 2173 non
1043 2143 1163 2174 tamen

166 2187 387 2230 prohibenti,
402 2197 466 2222 seu
481 2188 534 2221 illi
548 2187 768 2222 contrarium
786 2188 947 2230 positive,
964 2191 1008 2222 tr.
1022 2191 1075 2230 10,
1091 2189 1116 2222 l.
1130 2191 1163 2230 2,

165 2245 197 2270 c.
218 2241 250 2269 2.

125 2286 266 2327 Religio
279 2294 344 2328 per
359 2285 528 2328 specialia
543 2294 607 2319 sua
621 2288 749 2319 statuta
766 2289 878 2328 potest
895 2287 1080 2321 instituere
1094 2288 1165 2321 im-

167 2336 374 2378 pedimenta
397 2335 645 2368 substantialia
663 2336 710 2369 ad
733 2336 1005 2378 professionem,
1030 2346 1093 2371 seu
1118 2337 1166 2372 ad

169 2385 329 2419 valorem
352 2385 464 2427 illius,
480 2385 563 2419 licet
574 2386 656 2427 jure
678 2387 861 2419 communi
877 2387 1074 2421 necessaria
1090 2395 1165 2422 non

168 2435 252 2475 sint,
278 2436 327 2468 ib.

126 2483 326 2526 Religionis
354 2483 493 2517 bonum
528 2491 602 2518 non
636 2484 869 2519 multitudine
903 2489 939 2519 et
968 2486 1167 2529 quantitate

170 2542 417 2575 personarum,
435 2533 498 2566 sed
519 2533 557 2566 in
579 2534 749 2575 qualitate
768 2535 875 2568 situm
895 2539 958 2577 est,
975 2544 1004 2569 c.
1023 2540 1053 2570 3.

127 2581 194 2623 Qui
212 2583 364 2616 dilectus
379 2586 413 2616 et
428 2582 616 2624 diligentia
633 2583 840 2618 adhibenda
867 2585 906 2619 in
932 2583 1168 2623 admittendis

170 2632 334 2675 personis
350 2633 396 2666 ad
411 2632 637 2674 religionem,
660 2633 711 2667 ib.

171 2681 245 2714 Sub
263 2690 335 2723 qua
357 2682 589 2724 obligatione,
608 2682 656 2716 ib.

128 2729 267 2772 Religio
285 2739 394 2772 capax
413 2732 642 2772 haereditatis,
659 2732 705 2766 ad
718 2741 827 2774 quam
846 2733 1036 2776 religiosus
1048 2737 1168 2771 trans-

171 2780 219 2822 it,
239 2781 398 2816 succedit
416 2781 453 2814 in
477 2782 584 2816 bonis
606 2783 764 2825 paternis
776 2783 858 2817 talis
871 2784 1041 2827 religiosi,
1057 2784 1086 2819 si
1102 2794 1170 2829 pa-

171 2833 293 2863 rentes
313 2831 392 2871 ejus
411 2831 588 2865 decedant
611 2836 689 2874 post
703 2833 895 2867 transitum
909 2835 956 2868 ad
980 2834 1091 2877 illam,
1109 2843 1168 2871 se-

170 2885 235 2914 cus
249 2879 278 2912 si
293 2883 376 2912 ante
393 2879 508 2922 illum,
522 2884 566 2914 tr.
584 2884 615 2919 8,
630 2881 654 2914 l.
669 2885 700 2923 3,
722 2890 752 2915 c.
776 2884 828 2916 16.

168 2926 236 2968 Qui
259 2928 419 2969 aliquem
434 2930 561 2963 avertit
586 2939 608 2964 a
635 2931 825 2974 religione,
841 2940 889 2966 an
907 2935 1100 2970 teneantur
1118 2934 1168 2971 ad

171 2979 332 3020 aliquam
356 2980 632 3023 restitutionem,
647 2989 679 3016 c.
695 2984 727 3016 8.

171 3027 260 3061 Vide
281 3030 460 3070 Apostata.

130 3074 355 3120 Religionem
378 3077 518 3120 ingredi
540 3078 677 3119 volens,
695 3080 725 3114 si
738 3081 907 3117 Praelatos
918 3082 999 3126 ejus
1012 3083 1169 3127 graviter

173 3128 342 3170 decipiat,
360 3127 571 3162 occultando
587 3129 752 3171 proprios
765 3131 924 3166 defectus
937 3141 1093 3175 quorum
1106 3134 1167 3168 in—

171 3179 381 3218 terrogatur.
402 3178 558 3220 graviter
578 3181 711 3220 peccat.
733 3180 774 3213 Et
792 3189 839 3214 an
861 3182 980 3216 valide
994 3190 1079 3218 cum
1102 3183 1166 3219 tali

173 3226 384 3269 deceptione
404 3227 609 3270 recipiatur,
632 3230 676 3261 tr.
700 3231 752 3270 10,
777 3229 802 3262 l.
826 3233 859 3271 2,
877 3239 907 3264 c.
925 3235 958 3265 8.

132 3274 353 3318 Religionem
373 3276 454 3311 ficte
469 3277 690 3320 ingrediens,
707 3277 792 3313 vide
812 3279 985 3315 Novitius.

132 3323 358 3367 Religionem
377 3326 536 3369 aliquam
555 3327 595 3362 in
614 3327 821 3371 particulari
848 3329 931 3364 aliis
956 3330 1166 3374 ingredien-

176 3374 260 3455 darp
283 3375 446 3418 suadere,
469 3385 529 3419 an,
556 3381 591 3411 et
617 3386 696 3430 qua⁴
710 3378 850 3414 ratione
869 3379 1046 3424 expediat,
1077 3382 1101 3417 l.
1129 3385 1164 3426 0,

175 3430 204 3456 c.
254 3449 262 3456 .

134 3470 334 3515 Religionis
354 3473 506 3515 Praelati,
521 3473 606 3508 vide
619 3475 800 3511 Praelatus.

134 3519 273 3564 Religio
289 3522 474 3558 societatis
487 3525 581 3567 Jesu,
594 3525 678 3559 vide
690 3526 875 3563 societatis
887 3527 970 3564 lesu
982 3528 1112 3574 religio

177 3570 311 3607 caetera
323 3573 404 3608 vide
417 3573 457 3608 in
477 3573 599 3610 verbis
613 3576 857 3619 sequentibus.
927 3609 954 3641 'k

2269 0 2296 10 „-

2293 52 2326 74 ⁵13³-

2223 109 2231 119 .
2255 90 2281 121 't
2328 127 2330 130 .

2247 155 2270 168 .-

2271 191 2274 193 Δ
2306 179 2313 189 t
2338 185 2352 195 μ

2253 228 2261 235 ¹
2342 231 2352 243 r

2242 255 2247 262 .

1631 281 1828 309 mamim-

1210 349 1377 392 Religiosi
1407 351 1575 383 tenentur
1603 348 1671 383 sub
1692 349 1834 384 mortali
1860 350 2006 387 habere=
2020 352 2244 396 propositum
2303 340 2306 345 ¹
2348 331 2352 340 ⁴

1253 397 1508 443 progrediendi
1525 398 1562 431 in
1578 398 1638 432 via
1652 399 1894 441 perfectionis,
1909 404 1953 434 tr.
1970 403 2002 442 8,
2017 401 2041 434 l.
2056 403 2087 443 1,
2101 409 2132 435 c.
2148 404 2178 435 4.

1250 449 1340 484 Huic
1354 451 1473 482 autem
1490 448 1701 491 obligationi
1723 449 1949 484 satisfaciunt
1966 450 2131 484 habendo
2157 457 2252 495 pro-v

1251 499 1406 543 positum
1420 499 1585 532 servandi
1600 503 1693 540 vota,
1710 503 1745 533 et
1758 500 1786 534 si
1801 510 1874 543 qua
1888 503 1973 535 sunt
1986 500 2058 535 alia
2068 503 2246 544 praecepta

1251 549 1319 584 sub
1333 548 1473 582 mortali
1491 548 1529 581 in
1546 549 1734 591 religione,
1753 550 1802 584 ib.

1251 599 1306 636 Ad
1337 599 1545 632 habendum
1567 607 1652 633 vero
1681 600 1904 642 propositum
1927 600 2094 635 servandi
2117 601 2249 635 coeten

1250 657 1324 684 non
1340 648 1592 683 tenentursub
1612 650 1766 692 mortali,
1783 650 1833 684 ib.
2286 678 2289 682 ,

1252 699 1352 740 Quod
1369 698 1398 732 si
1420 698 1552 741 regulae
1571 702 1711 733 tantum
1728 700 1889 743 obligent
1903 700 1948 734 ad
1969 708 2128 743 poenam,
2143 701 2178 733 et
2192 706 2249 733 re-

1253 749 1403 791 ligiosus
1425 749 1554 782 habeat
1568 750 1790 792 propositum
1809 759 1869 784 eas
1888 759 1961 784 non
1985 749 2165 791 servandi,
2183 748 2249 783 sed

1253 800 1393 833 tantum
1408 798 1610 832 sustinendi
1626 806 1785 840 poenam,
1801 807 1869 833 nec
1883 799 2072 834 venialiter
2085 798 2248 842 peccabit

1255 856 1299 882 ex
1315 848 1466 890 objecto,
1485 848 1535 882 ib.

1255 900 1298 933 At
1330 898 1359 932 si
1386 898 1608 941 propositum
1641 899 1796 933 habeant
1828 907 1895 934 nec
1922 908 2068 943 poenam
2095 899 2247 935 omnino

1257 949 1457 983 sustinendi
1474 949 1635 991 peccabit
1653 950 1862 992 mortaliter,
1879 950 1928 984 ib.

1253 999 1289 1033 Si
1311 1008 1396 1034 vero
1416 998 1539 1041 regula
1559 1000 1605 1033 ad
1625 1000 1767 1034 veniale
1788 1003 1927 1034 tantum
1950 1000 2094 1042 obligat,
2114 1007 2250 1042 propo·
2274 1018 2292 1027 -γ

1257 1049 1362 1083 situm
1374 1050 1534 1084 violandi
1548 1050 1660 1092 illam,
1675 1050 1814 1084 secluso
1828 1053 2033 1093 contemptu
2045 1053 2079 1083 et
2088 1049 2250 1092 periculo

1257 1100 1429 1141 peccandi
1454 1101 1666 1140 mortaliter,
1678 1101 1820 1135 veniale
1839 1101 1955 1135 solum
1971 1105 2035 1141 est,
2053 1100 2101 1134 ib.

1214 1146 1382 1191 Religiosi
1399 1159 1473 1184 non
1488 1151 1603 1193 magis
1617 1151 1824 1193 obligantur
1837 1150 2035 1194 praeceptis,
2052 1158 2161 1192 quam
2174 1156 2251 1184 non

1255 1199 1430 1242 religiosi,
1455 1209 1485 1234 c.
1506 1204 1558 1234 11.

1254 1248 1476 1291 Regulariter
1518 1254 1639 1283 tamen
1676 1250 1859 1292 loquendo
1875 1276 1881 1290 ,
1917 1250 2061 1292 gravius
2102 1249 2252 1291 peccant

1256 1299 1401 1341 quando
1416 1308 1498 1333 cum
1514 1300 1672 1341 perfecta
1685 1300 1946 1334 deliberatione
1961 1301 2121 1342 peccant,
2136 1298 2253 1333 levius

1259 1352 1376 1381 autem
1391 1357 1473 1382 cum
1488 1357 1529 1382 ex
1545 1350 1788 1391 subreptione,
1807 1350 1857 1383 ib.

1259 1398 1394 1436 Quanta
1413 1399 1458 1432 sit
1477 1407 1519 1431 ea
1541 1400 1656 1440 major
1677 1399 1831 1440 gravitas
1851 1399 1891 1432 in
1913 1401 2057 1442 peccato
2076 1397 2258 1440 religiosi,¹

1260 1449 1308 1480 ib.

1217 1497 1418 1539 Religiosus
1432 1505 1478 1531 an
1498 1500 1662 1531 teneatur
1674 1498 1720 1532 ad
1733 1506 1841 1539 opera
1853 1498 2051 1540 religionis,
2068 1498 2193 1531 saltem
2206 1496 2259 1536 ad,

1260 1546 1505 1580 obediendum
1525 1547 1685 1586 Praelato,
1704 1555 1778 1580 non
1798 1547 1914 1580 solum
1929 1555 1972 1580 ex
1984 1547 2018 1581 vi
2045 1548 2176 1590 regulae
2192 1549 2259 1595 aut.

1258 1596 1345 1634 voti,
1363 1597 1425 1630 sed
1456 1597 1563 1631 etiam
1593 1606 1636 1630 ex
1663 1597 1811 1639 J'ustitia,
1840 1597 1978 1630 ratione
1996 1597 2199 1631 traditionis
2219 1599 2255 1632 et

1256 1645 1349 1688 pacti
1375 1645 1412 1679 in
1430 1646 1653 1688 professione
1671 1647 1814 1687 inclusi,
1832 1646 1880 1680 ib.

1217 1693 1419 1736 Religiosus
1442 1705 1487 1730 an
1514 1697 1624 1739 possit
1651 1697 1783 1730 habere
1799 1705 1923 1730 curam
1942 1696 2159 1737 animarum,
2181 1694 2256 1730 mi·

1261 1745 1448 1779 nistrando
1469 1746 1506 1778 in
1528 1746 1723 1788 parochiali
1740 1746 1918 1787 Ecclesia,
1936 1746 2044 1788 idque
2060 1754 2107 1779 an
2127 1747 2256 1781 debeat

1259 1803 1336 1829 esse
1353 1797 1396 1830 de
1414 1797 1560 1830 licentia
1574 1798 1629 1830 sui
1655 1797 1806 1839 Praelati,
1820 1798 1845 1830 l.
1861 1801 1892 1838 2,
1909 1805 1938 1830 c.
1962 1800 2012 1829 12.

1261 1847 1313 1878 An
1335 1846 1447 1888 possit
1466 1847 1596 1880 habere
1614 1846 1843 1881 beneficium.
1863 1847 1952 1880 Vide
1971 1847 2201 1881 Beneficium.

1219 1893 1390 1937 Religiosi
1415 1904 1603 1938 quousque
1625 1898 1749 1940 puniri
1772 1897 1911 1940 possint
1930 1906 1951 1931 a
1969 1897 2045 1930 suis
2072 1898 2259 1942 Praelatis„

1258 1950 1293 1979 G.
1309 1948 1360 1977 10.

1262 1988 1349 2026 Vide
1371 1994 1477 2027 etiam
1497 1996 1676 2029 Praelatus.

1221 2043 1407 2085 Religiosis
1427 2044 1488 2086 qui
1513 2053 1616 2078 casus
1634 2047 1873 2084 reserventur,
1890 2047 1952 2078 aut
1968 2045 2143 2079 reservari
2166 2054 2253 2086 per-

1260 2092 1457 2131 mittantur,
1482 2094 1564 2127 vide
1588 2095 1696 2127 Casus
1714 2092 1898 2126 reservati.

1216 2140 1386 2183 Religiosi
1422 2151 1609 2184 quousque
1641 2142 1776 2175 absolvi
1808 2140 1947 2183 possint
1973 2141 2018 2175 de
2052 2143 2196 2178 casibus
2218 2147 2261 2190 et}

1259 2191 1421 2224 censuris
1443 2200 1464 2224 a
1485 2192 1560 2224 suis
1587 2192 1755 2231 praelatis,
1777 2191 1860 2223 vide
1879 2191 1978 2224 Bulla
1995 2191 2126 2234 Coenae,
2145 2193 2260 2228 Casus'

1260 2241 1441 2281 reservati,
1459 2242 1629 2281 Censura,
1648 2244 1683 2275 et
1698 2241 2042 2275 Excommunicatio.

1217 2289 1385 2332 Religiosi
1405 2300 1449 2323 an
1471 2291 1522 2323 uti
1546 2291 1683 2333 possint
1707 2291 1807 2324 Bulla
1833 2290 2004 2324 Cruciatae
2024 2290 2070 2324 ad
2089 2290 2254 2327 effectum

1262 2340 1417 2381 eligendi
1441 2341 1695 2381 confessorem,
1716 2340 1799 2374 vide
1817 2340 1918 2374 Bulla
1933 2341 2116 2374 Cruciatae.

1218 2387 1389 2431 Religiosi
1415 2390 1567 2432 exempti
1589 2399 1634 2422 an
1656 2390 1795 2432 possint
1814 2390 1852 2422 in
1868 2390 1989 2432 aliquo
2008 2392 2092 2424 casu
2116 2390 2261 2427 absolvi:

1260 2439 1306 2472 ab
1326 2440 1522 2481 Episcopis,
1543 2443 1586 2473 tr.
1611 2443 1642 2480 8,
1667 2440 1690 2472 l.
1715 2443 1747 2481 2,
1768 2447 1798 2472 c.
1815 2443 1869 2473 23.

1218 2486 1400 2530 Religiosi.
1423 2490 1485 2532 qui
1501 2491 1599 2531 Juxta
1620 2498 1721 2523 suam
1738 2489 1897 2532 regulam
1917 2497 1991 2523 non
2015 2489 2261 2546 prohibentur,

1261 2539 1422 2572 confiteri
1442 2540 1485 2572 de
1503 2540 1646 2573 casibus
1669 2547 1742 2573 non
1759 2539 1945 2573 reservatis
1962 2539 2178 2581 cuicumque
2194 2541 2262 2584 ha-¹

1262 2588 1359 2621 benti
1379 2589 1467 2622 alias
1484 2590 1775 2630 jurisdictionem
1796 2589 1834 2622 in
1855 2597 1896 2622 eo
1918 2589 2009 2631 soro,
2036 2594 2185 2632 possunt
2209 2585 2262 2651 ἀεί’

1262 2637 1335 2670 illis
1351 2638 1525 2679 confiteri,
1538 2643 1572 2671 et
1584 2639 1720 2672 absolvi
1738 2648 1759 2672 a
1775 2639 2063 2681 quibuscumque
2078 2639 2261 2702 religiosis]

1262 2686 1478 2721 habentibus
1499 2689 1704 2730 generalem
1729 2687 1931 2722 facultatem
1954 2697 1974 2720 a
1997 2689 2141 2722 Summo
2158 2690 2260 2730 Pon-,

1261 2736 1356 2770 tifice
1386 2738 1431 2770 ad
1462 2739 1662 2771 audiendas
1685 2738 1848 2771 omnium
1868 2737 2124 2778 confessiones,
2146 2746 2176 2771 c.
2198 2740 2260 2802 1σῆ

1262 2786 1371 2820 Secus
1393 2788 1543 2821 omnino
1563 2788 1770 2828 dicendum,
1798 2787 1828 2820 si
1849 2788 1947 2827 juxta
1969 2795 2069 2821 suam
2092 2789 2253 2830 regulam

1262 2837 1501 2879 prohibentur
1519 2838 1733 2878 cuicumque
1753 2835 1926 2875 confiteri,
1954 2836 2002 2870 ib.

1219 2885 1388 2928 Religiosi
1418 2894 1489 2928 quo
1518 2887 1720 2928 pauciores,
1740 2893 1782 2920 eo
1806 2886 2053 2922 aestimatiores
2075 2889 2110 2921 et
2126 2887 2254 2923 obser-

1260 2935 1454 2977 vantiores,
1472 2939 1514 2968 tr.
1533 2939 1584 2975 10,
1607 2936 1629 2967 l.
1647 2939 1678 2973 2,
1694 2944 1724 2970 c.
1741 2938 1772 2969 3.

1218 2984 1386 3027 Religiosi
1404 2985 1531 3019 litteris
1545 2986 1775 3020 addiscendis
1794 2986 1950 3029 aptiores
1963 2990 2058 3026 sunt,
2075 2990 2111 3022 et
2126 2995 2251 3031 quare,

1260 3035 1284 3068 l.
1300 3038 1330 3074 5,
1347 3043 1377 3069 c.
1399 3039 1429 3069 1.

1217 3085 1387 3128 Religiosi
1409 3086 1570 3129 eiusdem
1591 3088 1731 3123 ordinis
1757 3090 1882 3122 mutua
1906 3087 2086 3129 servitute,
2107 3088 2253 3131 subjec-

1260 3135 1357 3169 tione
1376 3139 1410 3169 et
1433 3137 1606 3179 obsequio
1629 3146 1666 3171 se
1688 3137 1855 3181 prosequi
1879 3137 2012 3171 debent
2025 3138 2063 3170 in
2083 3138 2252 3173 charitate

1259 3187 1295 3219 et
1314 3186 1527 3224 humilitate,
1552 3188 1574 3220 l.
1598 3190 1630 3227 8,
1649 3195 1679 3220 c.
1703 3191 1734 3220 6.

1218 3234 1272 3270 Ad
1294 3235 1501 3278 religiosum
1526 3236 1660 3278 injuria
1679 3235 1844 3269 affectum
1864 3243 1938 3270 non
1955 3239 2089 3278 spectat
2106 3235 2254 3270 vindic-

1260 3288 1332 3319 tam
1355 3287 1451 3328 apud
1468 3286 1629 3328 judicem
1650 3286 1848 3328 postulare;
1876 3287 1939 3320 sed
1963 3290 2096 3329 spectat
2112 3289 2253 3321 tantum

1260 3335 1306 3369 ad
1325 3335 1551 3378 religionem,
1566 3336 1591 3371 l.
1608 3339 1660 3376 10,
1675 3344 1706 3369 c.
1727 3339 1758 3370 9.

1219 3384 1419 3428 Religiosus
1449 3386 1576 3421 vivens
1602 3389 1699 3419 extra
1725 3385 1920 3419 claustrum
1946 3384 1991 3420 de
2021 3384 2168 3419 licentia
2192 3382 2258 3431 sui,

1261 3435 1475 3478 Superioris,
1493 3439 1634 3470 tenetur
1652 3443 1792 3470 servare
1811 3444 1913 3470 suam
1926 3435 2085 3479 regulam
2099 3441 2164 3478 pro
2178 3430 2250 3469 10⁶1

1261 3487 1296 3518 et
1316 3485 1488 3528 temporis
1508 3485 1784 3528 opportunitate.
1804 3487 1847 3518 tr.
1868 3487 1898 3526 8,
1918 3485 1944 3519 l.
1963 3489 1995 3527 2,
2010 3493 2042 3519 c.
2059 3488 2091 3518 ’1.

1219 3533 1481 3576 Religiosorum
1506 3536 1683 3578 clausura,
1701 3538 1736 3569 et
1756 3537 1882 3569 caetera
1904 3535 1951 3569 ad
1972 3535 2165 3569 claustmrn
2185 3538 2250 3569 eo-

1262 3591 1345 3619 rum
1363 3586 1595 3631 pertinentia,
1609 3586 1693 3622 vide
1705 3585 1920 3629 claustrum,
1937 3587 1974 3620 et
1990 3583 2172 3635 clausura.

1902 3714 1923 3740 6
